1966 3192
904 151 957 194 21

166 297 267 327 num
303 280 389 326 non
426 282 567 325 fuisse.
629 281 777 325 cetera
818 281 940 324 huius
980 281 1197 336 religionis
1235 281 1425 336 vestigia,
1468 295 1577 335 quae
1616 280 1696 322 viri

165 341 280 386 docti
317 341 520 397 reperisse
560 341 640 382 sibi
683 340 879 383 videntur
916 342 961 382 in
1003 340 1181 382 Ausonii
1222 340 1418 394 operibus
1428 339 1473 393 ¹),
1516 342 1591 381 aut
1621 354 1696 395 per

165 415 209 444 sc
238 400 331 455 ipsa
361 400 603 442 refutantur
633 402 706 441 aut
722 400 856 449 exiis,
878 414 985 454 quae
1015 400 1112 441 inde
1143 399 1197 440 ab
1214 399 1339 441 initio
1371 398 1691 453 disputavimus,

167 458 291 504 facile
312 458 439 501 aliam
469 458 512 499 in
546 458 801 499 sententiam
833 458 969 512 accipi
999 460 1204 512 possunt;
1233 457 1390 512 vitaque
1420 457 1529 498 levia
1568 456 1694 498 omit—

164 519 304 559 tentes
333 517 418 559 iam
449 516 633 559 breviter
654 518 902 572 argumenta
924 517 1206 572 astringamus
1228 515 1359 558 totius
1380 515 1694 570 disputationis.

164 575 372 625 Quoniam
402 575 685 616 intelleximus
707 575 833 615 nullis
865 575 951 616 fere
982 575 1108 617 rebus
1139 578 1253 616 certo
1274 574 1442 629 probari
1459 573 1693 615 Ausonium

161 633 376 690 religionis
418 632 680 677 Christianae
720 633 950 677 studiosum
992 634 1132 685 fuisse,
1175 633 1365 688 plurimis
1410 632 1547 675 doceri
1594 646 1694 675 con-

162 693 350 742 trarium.
398 707 498 735 sane
539 708 625 736 non
666 693 919 741 errabimus,
963 694 999 734 si
1039 693 1271 735 Ausonium
1314 707 1407 733 eam
1445 692 1692 746 religionem

162 751 397 806 professum
419 765 507 794 esse
530 751 846 801 affirmabimus,
875 751 941 793 cui
961 751 1035 793 illo
1057 754 1245 806 tempore
1276 764 1368 792 cum
1390 749 1691 792 nobilissimum

163 814 368 866 q'uemque
398 812 486 853 tum
520 810 720 854 Latinum
752 810 1011 865 Drepanium
1043 810 1259 860 Pacatum,
1305 810 1494 852 Ausonio
1527 809 1692 852 amicis-

161 867 368 923 simum²)‚
420 869 606 912 deditum
657 869 783 911 fuisse
826 869 990 920 scimus
1034 869 1107 924 qui
1145 869 1225 910 viri
1266 883 1394 910 unum
1436 869 1558 910 deum
1604 882 1691 909 esse

161 928 358 970 arbitrati
397 930 519 978 sunt,
566 928 637 982 qui
679 931 722 969 et
767 928 975 970 veteribus
1018 928 1097 969 diis
1147 930 1190 969 et
1231 927 1569 969 Christianorum
1617 927 1693 968 deo

160 984 319 1041 pariter
348 986 563 1028 dissimilis
594 985 757 1043 essetss).
820 986 935 1036 Quae
966 986 1177 1032 sententia
1219 1001 1267 1028 eo
1297 986 1476 1028 maxime
1506 985 1688 1036 fulcitur,

161 1045 286 1100 quod,
319 1059 425 1100 quae
447 1043 715 1098 Teuffelius4)
747 1045 797 1086 de
813 1045 961 1087 Pacati
991 1046 1195 1100 religione
1228 1045 1343 1095 dicit,
1362 1045 1415 1086 ad
1432 1045 1573 1089 eadem
1606 1044 1691 1085 fere

159 1103 349 1154 redeunt,
383 1118 488 1159 quae
519 1103 604 1159 ipsi
635 1104 685 1146 de
716 1103 894 1146 Ausonii
926 1104 1234 1160 explicavimus,

898 1575 950 1616 ΙΙ.

367 1704 450 1751 nn
476 1704 744 1752 Ausonii
778 1705 1030 1753 secunus
1056 1704 1475 1753 VERGILIANIS

742 1764 1094 1847 scalnlruss.

251 1984 468 2064 Quartum
500 2020 597 2072 post
624 2018 833 2059 Christum
855 2018 1063 2060 saeculum
1094 2032 1187 2061 cum
1220 2019 1394 2062 aliarum
1427 2034 1563 2062 rerum
1594 2022 1684 2062 tum

153 2075 308 2118 artium
340 2080 466 2130 atque
497 2077 733 2118 litterarum
765 2078 911 2118 ruinae
943 2078 1286 2119 manifestissima
1316 2080 1515 2132 praebere
1556 2079 1684 2120 docu-

155 2136 297 2175 menta
318 2134 527 2175 neminem
558 2135 694 2189 fugiet
726 2138 768 2176 et
799 2135 992 2177 omnibus
1023 2135 1067 2177 in
1099 2136 1229 2187 libris,
1275 2136 1346 2191 qui
1378 2140 1451 2178 aut
1481 2137 1531 2178 de
1560 2137 1685 2179 rebus

155 2191 229 2234 illo
271 2195 459 2247 tempore
504 2193 633 2248 gestis
675 2197 748 2235 aut
790 2194 839 2235 de
879 2194 1029 2236 studiis
1068 2194 1350 2236 Romanorum
1381 2197 1528 2249 scripti
1553 2189 1683 2247 sunt,

155 2251 466 2291 accuratissime
517 2252 751 2306 expositum
802 2252 1001 2293 invenies.
1076 2252 1256 2294 Maxime
1307 2255 1444 2294 autem
1500 2254 1684 2295 omnium

154 2307 306 2364 friguit
356 2324 423 2351 ars
474 2311 653 2364 poetica,
707 2325 811 2365 quae
858 2325 952 2353 cum
1003 2310 1216 2352 rhetorum
1272 2312 1423 2354 studiis
1447 2342 1449 2344 -
1475 2312 1684 2354 artissime

156 2368 381 2409 coniuncta
402 2368 568 2409 scholae
590 2369 934 2410 excercitationes
955 2383 1215 2423 summopere
1236 2368 1476 2425 redoluit5).
1518 2370 1684 2426 Itaque,

154 2440 408 2480 quamquam
439 2426 517 2467 viri
549 2429 817 2477 exstiterunt,
852 2428 924 2482 qui
954 2428 1207 2469 carminibus
1239 2444 1288 2470 ex
1327 2429 1511 2484 Augusti
1549 2431 1684 2486 potis-

249 2587 275 2631 ¹)
301 2588 397 2623 sicut
428 2588 559 2632 Idyllii
594 2589 656 2623 XI.
688 2600 795 2624 versu
826 2590 887 2630 88,
924 2601 995 2634 quo
1027 2590 1149 2625 verbis
1193 2592 1272 2626 «ter
1307 2591 1397 2626 deus
1427 2602 1543 2627 unus»
1576 2592 1684 2628 modo

152 2633 282 2688 utitur,
298 2637 358 2689 ,ιι-ὴ
390 2635 601 2689 exemplum
634 2636 789 2672 ternarii
820 2636 963 2673 numeri
994 2637 1142 2680 afferat,
1182 2637 1220 2673 id
1252 2639 1351 2683 quod
1383 2640 1435 2685 „ad
1464 2639 1684 2685 religionem

153 2693 231 2717 cius
256 2694 409 2718 mlmme
435 2685 573 2718 attinet
598 2685 666 2719 etc.

247 2727 273 2770 ²)
298 2728 350 2763 cf.
376 2728 650 2782 Praefatiorrem
683 2730 764 2764 ludi
796 2732 940 2775 septem
974 2730 1215 2777 sapientium3
1255 2732 1526 2777 praefationem
1558 2731 1684 2780 Idyllii

153 2774 236 2814 XII.
246 2774 593 2863 ε’,ξΤθὲὴέιοῐὶᾚκεςέἒιι)
603 2790 612 2818 ;
623 2776 906 2857 ¹fflilraefatiouem
930 2778 1082 2813 tertiam
1109 2778 1433 2823 epigrammatum.

299 2834 323 2856 n
347 2834 432 2857 ura
470 2834 489 2856 r
551 2834 625 2860 ono.
667 2834 814 2858 eismus.

245 2866 274 2911 ⁴)
298 2867 351 2908 cf.
376 2868 466 2904 hist.
491 2868 567 2905 litt.
591 2869 673 2905 Lat.
697 2869 718 2914 ἓ
742 2870 822 2911 419,
847 2871 879 2906 9.
906 2870 952 2906 11.

246 2913 273 2960 ⁵)
299 2914 351 2950 cf.
377 2915 548 2951 Teuffelii
573 2915 660 2952 hist.
685 2916 761 2952 litt.
788 2917 892 2953 Rom.
925 2920 944 2959 ἓ
969 2919 1037 2953 395
1062 2918 1119 2954 ed.
1144 2917 1191 2953 11.
