<?xml version="1.0" encoding="UTF-8"?>
<!DOCTYPE html PUBLIC "-//W3C//DTD XHTML 1.0 Transitional//EN"
    "http://www.w3.org/TR/xhtml1/DTD/xhtml1-transitional.dtd">
<html xmlns="http://www.w3.org/1999/xhtml" xml:lang="en" lang="en">
 <head>
  <title>
</title>
<meta http-equiv="Content-Type" content="text/html;charset=utf-8" />
  <meta name='ocr-system' content='tesseract 3.04.00' />
  <meta name='ocr-capabilities' content='ocr_page ocr_carea ocr_par ocr_line ocrx_word'/>
</head>
<body>
  <div class='ocr_page' id='page_1' title='image "4737847_0052.png"; bbox 0 0 1966 3192; ppageno 0'>
   <div class='ocr_carea' id='block_1_1' title="bbox 933 130 990 173">
    <p class='ocr_par' dir='ltr' id='par_1_1' title="bbox 933 130 990 173">
     <span class='ocr_line' id='line_1_1' title="bbox 933 130 990 173; baseline -0.018 0"><span class='ocrx_word' id='word_1_1' title='bbox 933 130 990 173; x_wconf 84' lang='lat'><strong>42</strong></span> 
     </span>
    </p>
   </div>
   <div class='ocr_carea' id='block_1_2' title="bbox 824 189 1104 198">
    <p class='ocr_par' dir='ltr' id='par_1_2' title="bbox 824 189 1104 198">
     <span class='ocr_line' id='line_1_2' title="bbox 824 189 1104 198; baseline 0 0"><span class='ocrx_word' id='word_1_2' title='bbox 824 189 1104 198; x_wconf 95' lang='lat' dir='ltr'><strong> </strong></span> 
     </span>
    </p>
   </div>
   <div class='ocr_carea' id='block_1_3' title="bbox 187 259 1735 1788">
    <p class='ocr_par' dir='ltr' id='par_1_3' title="bbox 191 259 1735 487">
     <span class='ocr_line' id='line_1_3' title="bbox 193 259 1735 318; baseline 0.002 -17"><span class='ocrx_word' id='word_1_3' title='bbox 193 259 265 301; x_wconf 89' lang='lat' dir='ltr'><strong>sed</strong></span> <span class='ocrx_word' id='word_1_4' title='bbox 303 259 349 301; x_wconf 91' lang='lat' dir='ltr'><strong>in</strong></span> <span class='ocrx_word' id='word_1_5' title='bbox 389 260 476 302; x_wconf 90' lang='lat' dir='ltr'><strong>illis</strong></span> <span class='ocrx_word' id='word_1_6' title='bbox 516 261 695 302; x_wconf 83' lang='lat' dir='ltr'><strong>maxime</strong></span> <span class='ocrx_word' id='word_1_7' title='bbox 739 262 922 311; x_wconf 86' lang='lat' dir='ltr'><strong>versato,</strong></span> <span class='ocrx_word' id='word_1_8' title='bbox 974 274 1100 316; x_wconf 83' lang='lat' dir='ltr'>saepe</span> <span class='ocrx_word' id='word_1_9' title='bbox 1139 260 1182 302; x_wconf 91' lang='lat' dir='ltr'><strong>id</strong></span> <span class='ocrx_word' id='word_1_10' title='bbox 1227 275 1331 303; x_wconf 82' lang='lat' dir='ltr'><strong>non</strong></span> <span class='ocrx_word' id='word_1_11' title='bbox 1355 261 1500 318; x_wconf 84' lang='lat' dir='ltr'><strong>agenti</strong></span> <span class='ocrx_word' id='word_1_12' title='bbox 1545 260 1735 304; x_wconf 84' lang='lat' dir='ltr'><strong>Ausonio</strong></span> 
     </span>
     <span class='ocr_line' id='line_1_4' title="bbox 191 318 1735 376; baseline 0.002 -17"><span class='ocrx_word' id='word_1_13' title='bbox 191 321 345 373; x_wconf 89' lang='lat' dir='ltr'><strong>sponte</strong></span> <span class='ocrx_word' id='word_1_14' title='bbox 366 318 533 370; x_wconf 86' lang='lat' dir='ltr'><strong>accidit,</strong></span> <span class='ocrx_word' id='word_1_15' title='bbox 566 323 615 361; x_wconf 86' lang='lat' dir='ltr'><strong>ut</strong></span> <span class='ocrx_word' id='word_1_16' title='bbox 647 319 776 362; x_wconf 84' lang='lat' dir='ltr'><strong>verba</strong></span> <span class='ocrx_word' id='word_1_17' title='bbox 805 319 940 376; x_wconf 91' lang='lat' dir='ltr'><strong>ipsius</strong></span> <span class='ocrx_word' id='word_1_18' title='bbox 960 318 1220 373; x_wconf 73' lang='lat' dir='ltr'><strong>Vergilianis</strong></span> <span class='ocrx_word' id='word_1_19' title='bbox 1241 319 1397 363; x_wconf 77' lang='lat' dir='ltr'>similia</span> <span class='ocrx_word' id='word_1_20' title='bbox 1426 321 1578 363; x_wconf 86' lang='lat' dir='ltr'><strong>fierent</strong></span> <span class='ocrx_word' id='word_1_21' title='bbox 1608 322 1735 375; x_wconf 82' lang='lat' dir='ltr'><strong>atque</strong></span> 
     </span>
     <span class='ocr_line' id='line_1_5' title="bbox 192 377 1735 434; baseline 0.001 -15"><span class='ocrx_word' id='word_1_22' title='bbox 192 391 285 419; x_wconf 91' lang='lat' dir='ltr'><strong>cum</strong></span> <span class='ocrx_word' id='word_1_23' title='bbox 317 378 497 420; x_wconf 81' lang='lat' dir='ltr'><strong>maxime</strong></span> <span class='ocrx_word' id='word_1_24' title='bbox 535 378 579 420; x_wconf 92' lang='lat' dir='ltr'><strong>in</strong></span> <span class='ocrx_word' id='word_1_25' title='bbox 619 377 672 420; x_wconf 93' lang='lat' dir='ltr'><strong>iis</strong></span> <span class='ocrx_word' id='word_1_26' title='bbox 702 378 935 420; x_wconf 75' lang='lat' dir='ltr'><strong>hexametri</strong></span> <span class='ocrx_word' id='word_1_27' title='bbox 966 377 1154 433; x_wconf 86' lang='lat' dir='ltr'><strong>pedibus,</strong></span> <span class='ocrx_word' id='word_1_28' title='bbox 1202 380 1274 434; x_wconf 90' lang='lat' dir='ltr'><strong>qui</strong></span> <span class='ocrx_word' id='word_1_29' title='bbox 1315 387 1410 421; x_wconf 85' lang='lat' dir='ltr'><strong>cum</strong></span> <span class='ocrx_word' id='word_1_30' title='bbox 1451 383 1526 423; x_wconf 86' lang='lat' dir='ltr'><strong>aut</strong></span> <span class='ocrx_word' id='word_1_31' title='bbox 1565 379 1735 421; x_wconf 88' lang='lat' dir='ltr'><strong>initium</strong></span> 
     </span>
     <span class='ocr_line' id='line_1_6' title="bbox 193 437 1733 487; baseline 0.001 -9"><span class='ocrx_word' id='word_1_32' title='bbox 193 439 268 478; x_wconf 87' lang='lat' dir='ltr'><strong>aut</strong></span> <span class='ocrx_word' id='word_1_33' title='bbox 307 437 433 479; x_wconf 91' lang='lat' dir='ltr'><strong>finem</strong></span> <span class='ocrx_word' id='word_1_34' title='bbox 472 451 664 480; x_wconf 86' lang='lat' dir='ltr'><strong>versuum</strong></span> <span class='ocrx_word' id='word_1_35' title='bbox 695 437 898 487; x_wconf 86' lang='lat' dir='ltr'><strong>facerent,</strong></span> <span class='ocrx_word' id='word_1_36' title='bbox 941 437 1141 479; x_wconf 76' lang='lat' dir='ltr'><strong>facillime</strong></span> <span class='ocrx_word' id='word_1_37' title='bbox 1182 437 1225 479; x_wconf 92' lang='lat' dir='ltr'><strong>in</strong></span> <span class='ocrx_word' id='word_1_38' title='bbox 1258 438 1460 480; x_wconf 89' lang='lat' dir='ltr'><strong>memoria</strong></span> <span class='ocrx_word' id='word_1_39' title='bbox 1499 438 1733 481; x_wconf 77' lang='lat' dir='ltr'><strong>haererent.</strong></span> 
     </span>
    </p>

    <p class='ocr_par' dir='ltr' id='par_1_4' title="bbox 191 495 1735 727">
     <span class='ocr_line' id='line_1_7' title="bbox 311 495 1735 552; baseline 0.001 -14"><span class='ocrx_word' id='word_1_40' title='bbox 311 495 426 545; x_wconf 84' lang='lat' dir='ltr'><strong>Quae</strong></span> <span class='ocrx_word' id='word_1_41' title='bbox 448 496 660 538; x_wconf 88' lang='lat' dir='ltr'><strong>sententia</strong></span> <span class='ocrx_word' id='word_1_42' title='bbox 681 496 861 538; x_wconf 86' lang='lat' dir='ltr'><strong>maxime</strong></span> <span class='ocrx_word' id='word_1_43' title='bbox 892 510 941 538; x_wconf 90' lang='lat' dir='ltr'><strong>eo</strong></span> <span class='ocrx_word' id='word_1_44' title='bbox 972 497 1192 552; x_wconf 88' lang='lat' dir='ltr'><strong>probatur,</strong></span> <span class='ocrx_word' id='word_1_45' title='bbox 1215 497 1327 550; x_wconf 91' lang='lat' dir='ltr'><strong>quod</strong></span> <span class='ocrx_word' id='word_1_46' title='bbox 1348 496 1535 539; x_wconf 82' lang='lat' dir='ltr'><strong>videmus</strong></span> <span class='ocrx_word' id='word_1_47' title='bbox 1557 496 1735 539; x_wconf 90' lang='lat' dir='ltr'><strong>Ausonii</strong></span> 
     </span>
     <span class='ocr_line' id='line_1_8' title="bbox 191 554 1732 612; baseline 0.002 -16"><span class='ocrx_word' id='word_1_48' title='bbox 191 554 320 597; x_wconf 86' lang='lat' dir='ltr'><strong>verba</strong></span> <span class='ocrx_word' id='word_1_49' title='bbox 361 569 489 611; x_wconf 84' lang='lat' dir='ltr'><strong>saepe</strong></span> <span class='ocrx_word' id='word_1_50' title='bbox 528 555 653 598; x_wconf 91' lang='lat' dir='ltr'><strong>modo</strong></span> <span class='ocrx_word' id='word_1_51' title='bbox 692 555 822 597; x_wconf 83' lang='lat' dir='ltr'><strong>simili</strong></span> <span class='ocrx_word' id='word_1_52' title='bbox 863 570 968 597; x_wconf 82' lang='lat' dir='ltr'><strong>sono</strong></span> <span class='ocrx_word' id='word_1_53' title='bbox 1010 555 1064 597; x_wconf 85' lang='lat' dir='ltr'><strong>ad</strong></span> <span class='ocrx_word' id='word_1_54' title='bbox 1093 554 1273 611; x_wconf 81' lang='lat' dir='ltr'><strong>Vergilii</strong></span> <span class='ocrx_word' id='word_1_55' title='bbox 1311 570 1443 612; x_wconf 88' lang='lat' dir='ltr'><strong>prope</strong></span> <span class='ocrx_word' id='word_1_56' title='bbox 1483 555 1732 610; x_wconf 82' lang='lat' dir='ltr'><strong>accedere¹)‚</strong></span> 
     </span>
     <span class='ocr_line' id='line_1_9' title="bbox 191 614 1734 671; baseline 0 -14"><span class='ocrx_word' id='word_1_57' title='bbox 191 618 234 657; x_wconf 89' lang='lat' dir='ltr'><strong>et</strong></span> <span class='ocrx_word' id='word_1_58' title='bbox 275 614 387 669; x_wconf 91' lang='lat' dir='ltr'><strong>quod</strong></span> <span class='ocrx_word' id='word_1_59' title='bbox 423 614 660 656; x_wconf 90' lang='lat' dir='ltr'><strong>Ausonium</strong></span> <span class='ocrx_word' id='word_1_60' title='bbox 699 614 913 657; x_wconf 85' lang='lat' dir='ltr'><strong>celerrime</strong></span> <span class='ocrx_word' id='word_1_61' title='bbox 964 616 1161 670; x_wconf 90' lang='lat' dir='ltr'><strong>poemata</strong></span> <span class='ocrx_word' id='word_1_62' title='bbox 1201 614 1400 671; x_wconf 89' lang='lat' dir='ltr'><strong>pleraque</strong></span> <span class='ocrx_word' id='word_1_63' title='bbox 1451 615 1734 671; x_wconf 83' lang='lat' dir='ltr'><strong>composuisse</strong></span> 
     </span>
     <span class='ocr_line' id='line_1_10' title="bbox 192 672 416 727; baseline -0.004 -11"><span class='ocrx_word' id='word_1_64' title='bbox 192 672 416 727; x_wconf 66' lang='lat' dir='ltr'><strong>constat‘).</strong></span> 
     </span>
    </p>

    <p class='ocr_par' dir='ltr' id='par_1_5' title="bbox 188 732 1733 1374">
     <span class='ocr_line' id='line_1_11' title="bbox 306 732 1733 787; baseline -0.001 -12"><span class='ocrx_word' id='word_1_65' title='bbox 306 732 456 787; x_wconf 86' lang='lat' dir='ltr'><strong>Itaque</strong></span> <span class='ocrx_word' id='word_1_66' title='bbox 499 746 594 775; x_wconf 92' lang='lat' dir='ltr'><strong>cum</strong></span> <span class='ocrx_word' id='word_1_67' title='bbox 632 732 889 774; x_wconf 87' lang='lat' dir='ltr'><strong>sententiam</strong></span> <span class='ocrx_word' id='word_1_68' title='bbox 930 732 1116 787; x_wconf 87' lang='lat' dir='ltr'><strong>aliquam</strong></span> <span class='ocrx_word' id='word_1_69' title='bbox 1150 732 1286 774; x_wconf 89' lang='lat' dir='ltr'><strong>dicere</strong></span> <span class='ocrx_word' id='word_1_70' title='bbox 1328 733 1508 784; x_wconf 88' lang='lat' dir='ltr'><strong>volebat,</strong></span> <span class='ocrx_word' id='word_1_71' title='bbox 1555 732 1733 775; x_wconf 87' lang='lat' dir='ltr'><strong>aliorum</strong></span> 
     </span>
     <span class='ocr_line' id='line_1_12' title="bbox 188 790 1733 847; baseline -0.001 -14"><span class='ocrx_word' id='word_1_72' title='bbox 188 794 423 847; x_wconf 86' lang='lat' dir='ltr'><strong>poetarum,</strong></span> <span class='ocrx_word' id='word_1_73' title='bbox 457 791 531 846; x_wconf 92' lang='lat' dir='ltr'><strong>qui</strong></span> <span class='ocrx_word' id='word_1_74' title='bbox 560 791 717 833; x_wconf 86' lang='lat' dir='ltr'><strong>similia</strong></span> <span class='ocrx_word' id='word_1_75' title='bbox 747 791 955 840; x_wconf 89' lang='lat' dir='ltr'><strong>dixerant,</strong></span> <span class='ocrx_word' id='word_1_76' title='bbox 995 792 1123 833; x_wconf 85' lang='lat' dir='ltr'><strong>verba</strong></span> <span class='ocrx_word' id='word_1_77' title='bbox 1153 794 1243 833; x_wconf 88' lang='lat' dir='ltr'><strong>tam</strong></span> <span class='ocrx_word' id='word_1_78' title='bbox 1275 791 1472 834; x_wconf 75' lang='lat' dir='ltr'><strong>celeriter</strong></span> <span class='ocrx_word' id='word_1_79' title='bbox 1507 790 1733 834; x_wconf 82' lang='lat' dir='ltr'><strong>memoriae</strong></span> 
     </span>
     <span class='ocr_line' id='line_1_13' title="bbox 190 850 1733 906; baseline -0.001 -14"><span class='ocrx_word' id='word_1_80' title='bbox 190 850 279 892; x_wconf 89' lang='lat' dir='ltr'><strong>eius</strong></span> <span class='ocrx_word' id='word_1_81' title='bbox 309 850 609 899; x_wconf 88' lang='lat' dir='ltr'><strong>offerebantur,</strong></span> <span class='ocrx_word' id='word_1_82' title='bbox 651 852 699 891; x_wconf 90' lang='lat' dir='ltr'><strong>ut</strong></span> <span class='ocrx_word' id='word_1_83' title='bbox 731 850 817 891; x_wconf 88' lang='lat' dir='ltr'><strong>alia</strong></span> <span class='ocrx_word' id='word_1_84' title='bbox 847 864 933 891; x_wconf 89' lang='lat' dir='ltr'><strong>non</strong></span> <span class='ocrx_word' id='word_1_85' title='bbox 965 853 1197 904; x_wconf 87' lang='lat' dir='ltr'><strong>quaereret,</strong></span> <span class='ocrx_word' id='word_1_86' title='bbox 1241 850 1314 892; x_wconf 90' lang='lat' dir='ltr'><strong>sed</strong></span> <span class='ocrx_word' id='word_1_87' title='bbox 1352 850 1436 892; x_wconf 89' lang='lat' dir='ltr'><strong>illis</strong></span> <span class='ocrx_word' id='word_1_88' title='bbox 1466 850 1586 906; x_wconf 88' lang='lat' dir='ltr'><strong>ipsis,</strong></span> <span class='ocrx_word' id='word_1_89' title='bbox 1626 865 1733 905; x_wconf 87' lang='lat' dir='ltr'><strong>quae</strong></span> 
     </span>
     <span class='ocr_line' id='line_1_14' title="bbox 190 908 1733 964; baseline 0 -14"><span class='ocrx_word' id='word_1_90' title='bbox 190 908 558 964; x_wconf 82' lang='lat' dir='ltr'><strong>praestantissima</strong></span> <span class='ocrx_word' id='word_1_91' title='bbox 588 908 744 950; x_wconf 88' lang='lat' dir='ltr'><strong>habere</strong></span> <span class='ocrx_word' id='word_1_92' title='bbox 774 908 921 950; x_wconf 86' lang='lat' dir='ltr'><strong>solitus</strong></span> <span class='ocrx_word' id='word_1_93' title='bbox 954 911 1057 959; x_wconf 89' lang='lat' dir='ltr'><strong>erat,</strong></span> <span class='ocrx_word' id='word_1_94' title='bbox 1091 910 1292 951; x_wconf 89' lang='lat' dir='ltr'><strong>uteretur.</strong></span> <span class='ocrx_word' id='word_1_95' title='bbox 1376 909 1490 959; x_wconf 84' lang='lat' dir='ltr'><strong>Quae</strong></span> <span class='ocrx_word' id='word_1_96' title='bbox 1531 923 1625 950; x_wconf 89' lang='lat' dir='ltr'><strong>cum</strong></span> <span class='ocrx_word' id='word_1_97' title='bbox 1669 908 1733 950; x_wconf 85' lang='lat' dir='ltr'><strong>ita</strong></span> 
     </span>
     <span class='ocr_line' id='line_1_15' title="bbox 189 965 1731 1024; baseline 0.001 -15"><span class='ocrx_word' id='word_1_98' title='bbox 189 967 291 1018; x_wconf 91' lang='lat' dir='ltr'><strong>sint,</strong></span> <span class='ocrx_word' id='word_1_99' title='bbox 312 967 464 1010; x_wconf 84' lang='lat' dir='ltr'><strong>mirum</strong></span> <span class='ocrx_word' id='word_1_100' title='bbox 487 966 669 1022; x_wconf 87' lang='lat' dir='ltr'><strong>cuipiam</strong></span> <span class='ocrx_word' id='word_1_101' title='bbox 689 967 896 1018; x_wconf 83' lang='lat' dir='ltr'><strong>videatur,</strong></span> <span class='ocrx_word' id='word_1_102' title='bbox 920 967 1031 1022; x_wconf 91' lang='lat' dir='ltr'><strong>quod</strong></span> <span class='ocrx_word' id='word_1_103' title='bbox 1053 968 1277 1019; x_wconf 89' lang='lat' dir='ltr'><strong>Ausonius,</strong></span> <span class='ocrx_word' id='word_1_104' title='bbox 1291 965 1544 1024; x_wconf 84' lang='lat' dir='ltr'><strong>quamquam</strong></span> <span class='ocrx_word' id='word_1_105' title='bbox 1566 970 1731 1010; x_wconf 89' lang='lat' dir='ltr'><strong>tantam</strong></span> 
     </span>
     <span class='ocr_line' id='line_1_16' title="bbox 191 1026 1731 1083; baseline 0 -14"><span class='ocrx_word' id='word_1_106' title='bbox 191 1027 354 1082; x_wconf 86' lang='lat' dir='ltr'><strong>copiam</strong></span> <span class='ocrx_word' id='word_1_107' title='bbox 393 1026 626 1070; x_wconf 85' lang='lat' dir='ltr'><strong>carminum</strong></span> <span class='ocrx_word' id='word_1_108' title='bbox 667 1027 952 1078; x_wconf 75' lang='lat' dir='ltr'><strong>contexuerit,</strong></span> <span class='ocrx_word' id='word_1_109' title='bbox 990 1029 1132 1069; x_wconf 90' lang='lat' dir='ltr'><strong>tamen</strong></span> <span class='ocrx_word' id='word_1_110' title='bbox 1177 1042 1262 1070; x_wconf 91' lang='lat' dir='ltr'><strong>non</strong></span> <span class='ocrx_word' id='word_1_111' title='bbox 1303 1028 1493 1083; x_wconf 89' lang='lat' dir='ltr'><strong>pluribus</strong></span> <span class='ocrx_word' id='word_1_112' title='bbox 1534 1028 1637 1069; x_wconf 88' lang='lat' dir='ltr'><strong>locis</strong></span> <span class='ocrx_word' id='word_1_113' title='bbox 1679 1027 1731 1069; x_wconf 89' lang='lat' dir='ltr'><strong>ad</strong></span> 
     </span>
     <span class='ocr_line' id='line_1_17' title="bbox 189 1084 1732 1141; baseline 0 -14"><span class='ocrx_word' id='word_1_114' title='bbox 189 1084 426 1140; x_wconf 88' lang='lat' dir='ltr'><strong>Vergilium</strong></span> <span class='ocrx_word' id='word_1_115' title='bbox 476 1086 722 1140; x_wconf 80' lang='lat' dir='ltr'><strong>respexerit,</strong></span> <span class='ocrx_word' id='word_1_116' title='bbox 769 1100 894 1140; x_wconf 89' lang='lat' dir='ltr'><strong>quam</strong></span> <span class='ocrx_word' id='word_1_117' title='bbox 942 1100 1046 1140; x_wconf 90' lang='lat' dir='ltr'><strong>quos</strong></span> <span class='ocrx_word' id='word_1_118' title='bbox 1096 1086 1328 1128; x_wconf 85' lang='lat' dir='ltr'><strong>attulimus.</strong></span> <span class='ocrx_word' id='word_1_119' title='bbox 1403 1086 1468 1128; x_wconf 86' lang='lat' dir='ltr'><strong>Ad</strong></span> <span class='ocrx_word' id='word_1_120' title='bbox 1515 1086 1628 1141; x_wconf 90' lang='lat' dir='ltr'><strong>quod</strong></span> <span class='ocrx_word' id='word_1_121' title='bbox 1673 1086 1732 1128; x_wconf 89' lang='lat' dir='ltr'><strong>sic</strong></span> 
     </span>
     <span class='ocr_line' id='line_1_18' title="bbox 188 1144 1731 1200; baseline -0.001 -13"><span class='ocrx_word' id='word_1_122' title='bbox 188 1144 525 1199; x_wconf 86' lang='lat' dir='ltr'><strong>respondendum</strong></span> <span class='ocrx_word' id='word_1_123' title='bbox 573 1144 761 1186; x_wconf 84' lang='lat' dir='ltr'><strong>videtur:</strong></span> <span class='ocrx_word' id='word_1_124' title='bbox 815 1145 915 1199; x_wconf 86' lang='lat' dir='ltr'><strong>quia</strong></span> <span class='ocrx_word' id='word_1_125' title='bbox 962 1144 1171 1200; x_wconf 86' lang='lat' dir='ltr'><strong>permulta</strong></span> <span class='ocrx_word' id='word_1_126' title='bbox 1221 1147 1418 1200; x_wconf 85' lang='lat' dir='ltr'><strong>poemata</strong></span> <span class='ocrx_word' id='word_1_127' title='bbox 1462 1144 1643 1188; x_wconf 89' lang='lat' dir='ltr'><strong>Ausonii</strong></span> <span class='ocrx_word' id='word_1_128' title='bbox 1689 1147 1731 1186; x_wconf 92' lang='lat' dir='ltr'><strong>et</strong></span> 
     </span>
     <span class='ocr_line' id='line_1_19' title="bbox 190 1201 1731 1260; baseline -0.001 -14"><span class='ocrx_word' id='word_1_129' title='bbox 190 1208 366 1260; x_wconf 90' lang='lat' dir='ltr'><strong>propter</strong></span> <span class='ocrx_word' id='word_1_130' title='bbox 387 1207 566 1245; x_wconf 89' lang='lat' dir='ltr'><strong>metrum</strong></span> <span class='ocrx_word' id='word_1_131' title='bbox 598 1206 641 1245; x_wconf 89' lang='lat' dir='ltr'><strong>et</strong></span> <span class='ocrx_word' id='word_1_132' title='bbox 672 1204 726 1245; x_wconf 95' lang='lat' dir='ltr'><strong>ob</strong></span> <span class='ocrx_word' id='word_1_133' title='bbox 758 1206 1052 1258; x_wconf 82' lang='lat' dir='ltr'><strong>argumentum</strong></span> <span class='ocrx_word' id='word_1_134' title='bbox 1084 1219 1107 1245; x_wconf 88' lang='lat' dir='ltr'><strong>a</strong></span> <span class='ocrx_word' id='word_1_135' title='bbox 1134 1201 1391 1259; x_wconf 86' lang='lat' dir='ltr'><strong>Vergilianis</strong></span> <span class='ocrx_word' id='word_1_136' title='bbox 1421 1203 1546 1245; x_wconf 89' lang='lat' dir='ltr'><strong>nimis</strong></span> <span class='ocrx_word' id='word_1_137' title='bbox 1578 1203 1731 1246; x_wconf 89' lang='lat' dir='ltr'><strong>abhor-</strong></span> 
     </span>
     <span class='ocr_line' id='line_1_20' title="bbox 190 1262 1730 1317; baseline 0 -13"><span class='ocrx_word' id='word_1_138' title='bbox 190 1266 367 1304; x_wconf 89' lang='lat' dir='ltr'><strong>ruerunt</strong></span> <span class='ocrx_word' id='word_1_139' title='bbox 398 1266 440 1304; x_wconf 88' lang='lat' dir='ltr'><strong>et</strong></span> <span class='ocrx_word' id='word_1_140' title='bbox 471 1263 571 1317; x_wconf 89' lang='lat' dir='ltr'><strong>quia</strong></span> <span class='ocrx_word' id='word_1_141' title='bbox 595 1262 807 1304; x_wconf 89' lang='lat' dir='ltr'><strong>Ausonius</strong></span> <span class='ocrx_word' id='word_1_142' title='bbox 828 1262 958 1303; x_wconf 89' lang='lat' dir='ltr'><strong>etiam</strong></span> <span class='ocrx_word' id='word_1_143' title='bbox 981 1262 1158 1304; x_wconf 91' lang='lat' dir='ltr'><strong>aliorum</strong></span> <span class='ocrx_word' id='word_1_144' title='bbox 1182 1263 1490 1317; x_wconf 89' lang='lat' dir='ltr'><strong>multorumque</strong></span> <span class='ocrx_word' id='word_1_145' title='bbox 1512 1265 1730 1317; x_wconf 88' lang='lat' dir='ltr'><strong>poetarum</strong></span> 
     </span>
     <span class='ocr_line' id='line_1_21' title="bbox 188 1318 1722 1374; baseline -0.005 -12"><span class='ocrx_word' id='word_1_146' title='bbox 188 1321 372 1363; x_wconf 87' lang='lat' dir='ltr'><strong>flosculis</strong></span> <span class='ocrx_word' id='word_1_147' title='bbox 404 1321 591 1363; x_wconf 86' lang='lat' dir='ltr'><strong>carmina</strong></span> <span class='ocrx_word' id='word_1_148' title='bbox 622 1334 697 1362; x_wconf 87' lang='lat' dir='ltr'><strong>sua</strong></span> <span class='ocrx_word' id='word_1_149' title='bbox 728 1318 989 1374; x_wconf 76' lang='lat' dir='ltr'><strong>coloravit-⁹³).</strong></span> <span class='ocrx_word' id='word_1_150' title='bbox 1718 1350 1722 1355; x_wconf 85' lang='grc'>,</span> 
     </span>
    </p>

    <p class='ocr_par' dir='ltr' id='par_1_6' title="bbox 187 1378 1730 1788">
     <span class='ocr_line' id='line_1_22' title="bbox 306 1378 1729 1435; baseline -0.001 -14"><span class='ocrx_word' id='word_1_151' title='bbox 306 1379 501 1434; x_wconf 89' lang='lat' dir='ltr'><strong>Denique</strong></span> <span class='ocrx_word' id='word_1_152' title='bbox 541 1382 590 1421; x_wconf 88' lang='lat' dir='ltr'><strong>ut</strong></span> <span class='ocrx_word' id='word_1_153' title='bbox 632 1379 782 1433; x_wconf 90' lang='lat' dir='ltr'><strong>cuique</strong></span> <span class='ocrx_word' id='word_1_154' title='bbox 812 1378 1012 1421; x_wconf 86' lang='lat' dir='ltr'><strong>facillime</strong></span> <span class='ocrx_word' id='word_1_155' title='bbox 1054 1381 1269 1435; x_wconf 86' lang='lat' dir='ltr'><strong>appareat,</strong></span> <span class='ocrx_word' id='word_1_156' title='bbox 1315 1393 1419 1434; x_wconf 88' lang='lat' dir='ltr'><strong>quos</strong></span> <span class='ocrx_word' id='word_1_157' title='bbox 1460 1379 1729 1435; x_wconf 89' lang='lat' dir='ltr'><strong>potissimum</strong></span> 
     </span>
     <span class='ocr_line' id='line_1_23' title="bbox 188 1438 1730 1494; baseline -0.001 -14"><span class='ocrx_word' id='word_1_158' title='bbox 188 1438 319 1480; x_wconf 89' lang='lat' dir='ltr'><strong>libros</strong></span> <span class='ocrx_word' id='word_1_159' title='bbox 350 1439 532 1494; x_wconf 85' lang='lat' dir='ltr'><strong>Vergilii</strong></span> <span class='ocrx_word' id='word_1_160' title='bbox 563 1438 776 1480; x_wconf 88' lang='lat' dir='ltr'><strong>Ausonius</strong></span> <span class='ocrx_word' id='word_1_161' title='bbox 813 1438 1006 1479; x_wconf 89' lang='lat' dir='ltr'><strong>imitatus</strong></span> <span class='ocrx_word' id='word_1_162' title='bbox 1037 1438 1106 1489; x_wconf 88' lang='lat' dir='ltr'><strong>sit,</strong></span> <span class='ocrx_word' id='word_1_163' title='bbox 1149 1438 1304 1480; x_wconf 92' lang='lat' dir='ltr'><strong>iterum</strong></span> <span class='ocrx_word' id='word_1_164' title='bbox 1344 1452 1489 1480; x_wconf 89' lang='lat' dir='ltr'><strong>omnes</strong></span> <span class='ocrx_word' id='word_1_165' title='bbox 1518 1438 1631 1480; x_wconf 89' lang='lat' dir='ltr'><strong>locos</strong></span> <span class='ocrx_word' id='word_1_166' title='bbox 1663 1452 1730 1480; x_wconf 87' lang='lat'>01·-</span> 
     </span>
     <span class='ocr_line' id='line_1_24' title="bbox 189 1496 1729 1552; baseline 0 -14"><span class='ocrx_word' id='word_1_167' title='bbox 189 1498 330 1540; x_wconf 89' lang='lat' dir='ltr'><strong>dinem</strong></span> <span class='ocrx_word' id='word_1_168' title='bbox 375 1498 581 1539; x_wconf 87' lang='lat' dir='ltr'><strong>librorum</strong></span> <span class='ocrx_word' id='word_1_169' title='bbox 618 1496 800 1552; x_wconf 84' lang='lat' dir='ltr'><strong>Vergilii</strong></span> <span class='ocrx_word' id='word_1_170' title='bbox 847 1497 981 1538; x_wconf 90' lang='lat' dir='ltr'><strong>secuti</strong></span> <span class='ocrx_word' id='word_1_171' title='bbox 1034 1497 1380 1540; x_wconf 84' lang='lat' dir='ltr'><strong>enumerabimus.</strong></span> <span class='ocrx_word' id='word_1_172' title='bbox 1457 1497 1571 1547; x_wconf 83' lang='lat' dir='ltr'><strong>Quae</strong></span> <span class='ocrx_word' id='word_1_173' title='bbox 1617 1497 1729 1539; x_wconf 89' lang='lat' dir='ltr'><strong>enim</strong></span> 
     </span>
     <span class='ocr_line' id='line_1_25' title="bbox 188 1555 1729 1612; baseline -0.001 -13"><span class='ocrx_word' id='word_1_174' title='bbox 188 1560 386 1611; x_wconf 89' lang='lat' dir='ltr'><strong>poemata</strong></span> <span class='ocrx_word' id='word_1_175' title='bbox 408 1559 560 1611; x_wconf 88' lang='lat' dir='ltr'><strong>poetae</strong></span> <span class='ocrx_word' id='word_1_176' title='bbox 591 1556 728 1598; x_wconf 89' lang='lat' dir='ltr'><strong>nostri</strong></span> <span class='ocrx_word' id='word_1_177' title='bbox 748 1555 929 1598; x_wconf 89' lang='lat' dir='ltr'><strong>maxime</strong></span> <span class='ocrx_word' id='word_1_178' title='bbox 960 1555 1182 1597; x_wconf 87' lang='lat' dir='ltr'><strong>sententiis</strong></span> <span class='ocrx_word' id='word_1_179' title='bbox 1214 1556 1281 1598; x_wconf 87' lang='lat' dir='ltr'><strong>vel</strong></span> <span class='ocrx_word' id='word_1_180' title='bbox 1312 1556 1449 1598; x_wconf 85' lang='lat' dir='ltr'><strong>verbis</strong></span> <span class='ocrx_word' id='word_1_181' title='bbox 1470 1555 1729 1612; x_wconf 87' lang='lat' dir='ltr'><strong>Vergilianis</strong></span> 
     </span>
     <span class='ocr_line' id='line_1_26' title="bbox 187 1615 1729 1669; baseline -0.001 -12"><span class='ocrx_word' id='word_1_182' title='bbox 187 1619 340 1657; x_wconf 89' lang='lat' dir='ltr'><strong>ornata</strong></span> <span class='ocrx_word' id='word_1_183' title='bbox 370 1615 470 1665; x_wconf 91' lang='lat' dir='ltr'><strong>sint,</strong></span> <span class='ocrx_word' id='word_1_184' title='bbox 503 1615 609 1656; x_wconf 88' lang='lat' dir='ltr'><strong>bene</strong></span> <span class='ocrx_word' id='word_1_185' title='bbox 641 1629 692 1656; x_wconf 92' lang='lat' dir='ltr'><strong>ex</strong></span> <span class='ocrx_word' id='word_1_186' title='bbox 722 1629 771 1656; x_wconf 95' lang='lat' dir='ltr'><strong>eo</strong></span> <span class='ocrx_word' id='word_1_187' title='bbox 802 1615 1066 1656; x_wconf 88' lang='lat' dir='ltr'><strong>intellectum</strong></span> <span class='ocrx_word' id='word_1_188' title='bbox 1096 1615 1148 1656; x_wconf 88' lang='lat' dir='ltr'><strong>iri</strong></span> <span class='ocrx_word' id='word_1_189' title='bbox 1179 1629 1408 1669; x_wconf 89' lang='lat' dir='ltr'><strong>speramus,</strong></span> <span class='ocrx_word' id='word_1_190' title='bbox 1449 1615 1561 1669; x_wconf 89' lang='lat' dir='ltr'><strong>quod</strong></span> <span class='ocrx_word' id='word_1_191' title='bbox 1603 1618 1729 1656; x_wconf 90' lang='lat' dir='ltr'><strong>antea</strong></span> 
     </span>
     <span class='ocr_line' id='line_1_27' title="bbox 187 1673 1727 1728; baseline 0 -13"><span class='ocrx_word' id='word_1_192' title='bbox 187 1675 231 1715; x_wconf 92' lang='lat' dir='ltr'><strong>in</strong></span> <span class='ocrx_word' id='word_1_193' title='bbox 264 1674 445 1728; x_wconf 82' lang='lat' dir='ltr'><strong>singulis</strong></span> <span class='ocrx_word' id='word_1_194' title='bbox 477 1673 601 1716; x_wconf 89' lang='lat' dir='ltr'><strong>huius</strong></span> <span class='ocrx_word' id='word_1_195' title='bbox 635 1673 787 1728; x_wconf 89' lang='lat' dir='ltr'><strong>capitis</strong></span> <span class='ocrx_word' id='word_1_196' title='bbox 819 1673 1039 1728; x_wconf 88' lang='lat' dir='ltr'><strong>particulis</strong></span> <span class='ocrx_word' id='word_1_197' title='bbox 1070 1673 1186 1716; x_wconf 89' lang='lat' dir='ltr'><strong>locos</strong></span> <span class='ocrx_word' id='word_1_198' title='bbox 1219 1673 1271 1715; x_wconf 91' lang='lat' dir='ltr'><strong>ad</strong></span> <span class='ocrx_word' id='word_1_199' title='bbox 1285 1673 1476 1716; x_wconf 91' lang='lat' dir='ltr'><strong>ordinem</strong></span> <span class='ocrx_word' id='word_1_200' title='bbox 1497 1673 1727 1716; x_wconf 85' lang='lat' dir='ltr'><strong>carminum</strong></span> 
     </span>
     <span class='ocr_line' id='line_1_28' title="bbox 187 1733 691 1788; baseline 0 -14"><span class='ocrx_word' id='word_1_201' title='bbox 187 1734 365 1775; x_wconf 89' lang='lat' dir='ltr'><strong>Ausonii</strong></span> <span class='ocrx_word' id='word_1_202' title='bbox 397 1733 691 1788; x_wconf 88' lang='lat' dir='ltr'><strong>disposuimus.</strong></span> 
     </span>
    </p>
   </div>
   <div class='ocr_carea' id='block_1_4' title="bbox 326 1813 1343 2639">
    <p class='ocr_par' dir='ltr' id='par_1_7' title="bbox 326 1813 1343 2639">
     <span class='ocr_line' id='line_1_29' title="bbox 546 1813 1302 1859; baseline 0.001 -10"><span class='ocrx_word' id='word_1_203' title='bbox 546 1813 678 1859; x_wconf 71' lang='lat' dir='ltr'><strong>vet-qn.</strong></span> <span class='ocrx_word' id='word_1_204' title='bbox 1170 1815 1302 1850; x_wconf 77' lang='grc' dir='ltr'><strong>Αυοοη.</strong></span> 
     </span>
     <span class='ocr_line' id='line_1_30' title="bbox 326 1883 1289 1939; baseline -0.003 -12"><span class='ocrx_word' id='word_1_205' title='bbox 326 1885 475 1939; x_wconf 87' lang='lat' dir='ltr'><strong>Eclog.</strong></span> <span class='ocrx_word' id='word_1_206' title='bbox 517 1884 551 1933; x_wconf 95' lang='lat' dir='ltr'><strong>I,</strong></span> <span class='ocrx_word' id='word_1_207' title='bbox 585 1885 640 1925; x_wconf 89' lang='lat'><strong>53</strong></span> <span class='ocrx_word' id='word_1_208' title='bbox 682 1886 725 1925; x_wconf 93' lang='lat' dir='ltr'><strong>et</strong></span> <span class='ocrx_word' id='word_1_209' title='bbox 756 1884 824 1925; x_wconf 89' lang='grc'><strong>54.</strong></span> <span class='ocrx_word' id='word_1_210' title='bbox 886 1883 1022 1938; x_wconf 88' lang='lat' dir='ltr'><strong>Epist.</strong></span> <span class='ocrx_word' id='word_1_211' title='bbox 1053 1883 1186 1934; x_wconf 90' lang='lat' dir='ltr'><strong>XXV,</strong></span> <span class='ocrx_word' id='word_1_212' title='bbox 1224 1886 1289 1925; x_wconf 97' lang='lat'>12.</span> 
     </span>
     <span class='ocr_line' id='line_1_31' title="bbox 468 1941 1313 1997; baseline -0.001 -13"><span class='ocrx_word' id='word_1_213' title='bbox 468 1941 545 1994; x_wconf 90' lang='lat' dir='ltr'><strong>III,</strong></span> <span class='ocrx_word' id='word_1_214' title='bbox 606 1942 673 1984; x_wconf 87' lang='grc'><strong>71.</strong></span> <span class='ocrx_word' id='word_1_215' title='bbox 888 1941 1024 1997; x_wconf 83' lang='lat' dir='ltr'><strong>Epist.</strong></span> <span class='ocrx_word' id='word_1_216' title='bbox 1058 1941 1212 1991; x_wconf 91' lang='lat' dir='ltr'><strong>XXIV,</strong></span> <span class='ocrx_word' id='word_1_217' title='bbox 1249 1943 1313 1984; x_wconf 88' lang='grc'><strong>17.</strong></span> 
     </span>
     <span class='ocr_line' id='line_1_32' title="bbox 576 1999 1303 2055; baseline 0.001 -13"><span class='ocrx_word' id='word_1_218' title='bbox 576 2002 671 2042; x_wconf 86' lang='grc'><strong>106.</strong></span> <span class='ocrx_word' id='word_1_219' title='bbox 887 1999 1010 2055; x_wconf 88' lang='lat' dir='ltr'><strong>Idyll.</strong></span> <span class='ocrx_word' id='word_1_220' title='bbox 1043 2000 1116 2049; x_wconf 87' lang='lat' dir='ltr'><strong>VI,</strong></span> <span class='ocrx_word' id='word_1_221' title='bbox 1150 2002 1189 2043; x_wconf 89' lang='lat'><strong>9.</strong></span> <span class='ocrx_word' id='word_1_222' title='bbox 1300 2030 1303 2032; x_wconf 58' lang='lat'>&gt;</span> 
     </span>
     <span class='ocr_line' id='line_1_33' title="bbox 504 2057 1293 2108; baseline 0 -8"><span class='ocrx_word' id='word_1_223' title='bbox 504 2058 556 2108; x_wconf 87' lang='lat' dir='ltr'><strong>V,</strong></span> <span class='ocrx_word' id='word_1_224' title='bbox 604 2059 673 2100; x_wconf 84' lang='lat'>34.</span> <span class='ocrx_word' id='word_1_225' title='bbox 888 2057 1005 2101; x_wconf 72' lang='lat' dir='ltr'><strong>Prof.</strong></span> <span class='ocrx_word' id='word_1_226' title='bbox 1037 2058 1191 2107; x_wconf 84' lang='lat' dir='ltr'><strong>XXIV,</strong></span> <span class='ocrx_word' id='word_1_227' title='bbox 1228 2060 1293 2100; x_wconf 94' lang='grc'><strong>11.</strong></span> 
     </span>
     <span class='ocr_line' id='line_1_34' title="bbox 475 2116 1204 2173; baseline 0.001 -14"><span class='ocrx_word' id='word_1_228' title='bbox 475 2116 551 2169; x_wconf 92' lang='lat' dir='ltr'><strong>VI,</strong></span> <span class='ocrx_word' id='word_1_229' title='bbox 633 2117 673 2160; x_wconf 88' lang='lat'><strong>8.</strong></span> <span class='ocrx_word' id='word_1_230' title='bbox 888 2117 1035 2173; x_wconf 87' lang='lat' dir='ltr'><strong>Epigr.</strong></span> <span class='ocrx_word' id='word_1_231' title='bbox 1069 2117 1102 2167; x_wconf 95' lang='lat' dir='ltr'><strong>I,</strong></span> <span class='ocrx_word' id='word_1_232' title='bbox 1139 2119 1204 2160; x_wconf 86' lang='lat'>13.</span> 
     </span>
     <span class='ocr_line' id='line_1_35' title="bbox 428 2176 1240 2286; baseline 0 -34"><span class='ocrx_word' id='word_1_233' title='bbox 428 2176 549 2286; x_wconf 36' lang='lat' dir='ltr'><strong>VIVI&amp;</strong></span> <span class='ocrx_word' id='word_1_234' title='bbox 602 2177 670 2277; x_wconf 43' lang='lat'><strong>{2-</strong></span> <span class='ocrx_word' id='word_1_235' title='bbox 886 2210 992 2252; x_wconf 90' lang='lat' dir='ltr'><strong>Mos.</strong></span> <span class='ocrx_word' id='word_1_236' title='bbox 1028 2212 1240 2253; x_wconf 85' lang='lat'>157—59.</span> 
     </span>
     <span class='ocr_line' id='line_1_36' title="bbox 473 2291 1163 2343; baseline -0.003 -8"><span class='ocrx_word' id='word_1_237' title='bbox 473 2293 547 2343; x_wconf 93' lang='lat' dir='ltr'><strong>VI,</strong></span> <span class='ocrx_word' id='word_1_238' title='bbox 604 2294 672 2335; x_wconf 89' lang='lat'><strong>46.</strong></span> <span class='ocrx_word' id='word_1_239' title='bbox 887 2293 948 2334; x_wconf 94' lang='lat' dir='ltr'><strong>Id.</strong></span> <span class='ocrx_word' id='word_1_240' title='bbox 981 2291 1054 2343; x_wconf 95' lang='lat' dir='ltr'><strong>VI,</strong></span> <span class='ocrx_word' id='word_1_241' title='bbox 1095 2293 1163 2333; x_wconf 86' lang='lat'>30.</span> 
     </span>
     <span class='ocr_line' id='line_1_37' title="bbox 602 2350 1248 2406; baseline -0.002 -13"><span class='ocrx_word' id='word_1_242' title='bbox 602 2352 673 2395; x_wconf 87' lang='grc'><strong>66.</strong></span> <span class='ocrx_word' id='word_1_243' title='bbox 886 2351 1022 2406; x_wconf 87' lang='lat' dir='ltr'><strong>Epist.</strong></span> <span class='ocrx_word' id='word_1_244' title='bbox 1055 2350 1147 2402; x_wconf 89' lang='lat' dir='ltr'><strong>XX,</strong></span> <span class='ocrx_word' id='word_1_245' title='bbox 1182 2352 1248 2393; x_wconf 89' lang='lat'>12.</span> 
     </span>
     <span class='ocr_line' id='line_1_38' title="bbox 465 2409 1124 2465; baseline -0.002 -13"><span class='ocrx_word' id='word_1_246' title='bbox 465 2409 562 2465; x_wconf 86' lang='lat' dir='ltr'><strong>VII,</strong></span> <span class='ocrx_word' id='word_1_247' title='bbox 606 2411 673 2452; x_wconf 86' lang='lat'>17.</span> <span class='ocrx_word' id='word_1_248' title='bbox 886 2410 994 2452; x_wconf 88' lang='lat' dir='ltr'><strong>Mos.</strong></span> <span class='ocrx_word' id='word_1_249' title='bbox 1028 2411 1124 2452; x_wconf 85' lang='lat'>206.</span> 
     </span>
     <span class='ocr_line' id='line_1_39' title="bbox 603 2468 1190 2523; baseline -0.003 -13"><span class='ocrx_word' id='word_1_250' title='bbox 603 2469 672 2510; x_wconf 89' lang='lat'>35.</span> <span class='ocrx_word' id='word_1_251' title='bbox 887 2468 1033 2523; x_wconf 89' lang='lat' dir='ltr'><strong>Epigr.</strong></span> <span class='ocrx_word' id='word_1_252' title='bbox 1065 2468 1117 2515; x_wconf 93' lang='lat' dir='ltr'><strong>V,</strong></span> <span class='ocrx_word' id='word_1_253' title='bbox 1155 2469 1190 2508; x_wconf 92' lang='lat'>1.</span> 
     </span>
     <span class='ocr_line' id='line_1_40' title="bbox 442 2526 1343 2581; baseline -0.001 -13"><span class='ocrx_word' id='word_1_254' title='bbox 442 2526 560 2577; x_wconf 92' lang='lat' dir='ltr'><strong>VIII,</strong></span> <span class='ocrx_word' id='word_1_255' title='bbox 632 2528 671 2569; x_wconf 93' lang='lat'>7.</span> <span class='ocrx_word' id='word_1_256' title='bbox 884 2526 1019 2581; x_wconf 88' lang='lat' dir='ltr'><strong>Epist.</strong></span> <span class='ocrx_word' id='word_1_257' title='bbox 1052 2526 1166 2567; x_wconf 88' lang='lat' dir='ltr'><strong>XVI.</strong></span> <span class='ocrx_word' id='word_1_258' title='bbox 1208 2526 1343 2568; x_wconf 86' lang='lat' dir='ltr'><strong>Praef.</strong></span> 
     </span>
     <span class='ocr_line' id='line_1_41' title="bbox 490 2584 1342 2639; baseline 0 -12"><span class='ocrx_word' id='word_1_259' title='bbox 490 2614 498 2632; x_wconf 85' lang='grc'><em>,</em></span> <span class='ocrx_word' id='word_1_260' title='bbox 576 2586 671 2627; x_wconf 89' lang='grc'><strong>107.</strong></span> <span class='ocrx_word' id='word_1_261' title='bbox 887 2585 1020 2639; x_wconf 87' lang='lat' dir='ltr'><strong>Epist.</strong></span> <span class='ocrx_word' id='word_1_262' title='bbox 1052 2584 1207 2635; x_wconf 87' lang='lat' dir='ltr'><strong>XXIV,</strong></span> <span class='ocrx_word' id='word_1_263' title='bbox 1248 2586 1342 2627; x_wconf 84' lang='lat'>132.</span> 
     </span>
    </p>
   </div>
   <div class='ocr_carea' id='block_1_5' title="bbox 182 2680 392 2687">
    <p class='ocr_par' dir='ltr' id='par_1_8' title="bbox 182 2680 392 2687">
     <span class='ocr_line' id='line_1_42' title="bbox 182 2680 392 2687; baseline 0 0"><span class='ocrx_word' id='word_1_264' title='bbox 182 2680 392 2687; x_wconf 95' lang='lat' dir='ltr'><strong> </strong></span> 
     </span>
    </p>
   </div>
   <div class='ocr_carea' id='block_1_6' title="bbox 393 2681 602 2687">
    <p class='ocr_par' dir='ltr' id='par_1_9' title="bbox 393 2681 602 2687">
     <span class='ocr_line' id='line_1_43' title="bbox 393 2681 602 2687; baseline 0 0"><span class='ocrx_word' id='word_1_265' title='bbox 393 2681 602 2687; x_wconf 95' lang='lat' dir='ltr'><strong> </strong></span> 
     </span>
    </p>
   </div>
   <div class='ocr_carea' id='block_1_7' title="bbox 181 2723 1721 2863">
    <p class='ocr_par' dir='ltr' id='par_1_10' title="bbox 181 2723 1721 2863">
     <span class='ocr_line' id='line_1_44' title="bbox 279 2723 1718 2770; baseline -0.002 -9"><span class='ocrx_word' id='word_1_266' title='bbox 279 2726 304 2768; x_wconf 89' lang='lat'><strong>¹)</strong></span> <span class='ocrx_word' id='word_1_267' title='bbox 329 2725 382 2761; x_wconf 84' lang='lat' dir='ltr'><strong>cf.</strong></span> <span class='ocrx_word' id='word_1_268' title='bbox 408 2737 495 2770; x_wconf 88' lang='lat' dir='ltr'><strong>pag.</strong></span> <span class='ocrx_word' id='word_1_269' title='bbox 513 2726 558 2760; x_wconf 85' lang='lat'><strong>36</strong></span> <span class='ocrx_word' id='word_1_270' title='bbox 569 2724 604 2760; x_wconf 90' lang='lat' dir='ltr'>h.</span> <span class='ocrx_word' id='word_1_271' title='bbox 616 2725 705 2759; x_wconf 86' lang='lat' dir='ltr'><strong>diss.</strong></span> <span class='ocrx_word' id='word_1_272' title='bbox 717 2727 756 2760; x_wconf 89' lang='lat' dir='ltr'><strong>et</strong></span> <span class='ocrx_word' id='word_1_273' title='bbox 780 2724 832 2758; x_wconf 87' lang='lat' dir='ltr'><strong>im</strong></span> <span class='ocrx_word' id='word_1_274' title='bbox 861 2724 965 2759; x_wconf 88' lang='lat' dir='ltr'><strong>rimis</strong></span> <span class='ocrx_word' id='word_1_275' title='bbox 981 2725 1067 2759; x_wconf 88' lang='lat' dir='ltr'><strong>Aus.</strong></span> <span class='ocrx_word' id='word_1_276' title='bbox 1079 2723 1197 2769; x_wconf 83' lang='lat' dir='ltr'><strong>Epist.</strong></span> <span class='ocrx_word' id='word_1_277' title='bbox 1225 2724 1367 2765; x_wconf 81' lang='lat' dir='ltr'><strong>V11,15</strong></span> <span class='ocrx_word' id='word_1_278' title='bbox 1393 2735 1475 2759; x_wconf 90' lang='lat' dir='ltr'><strong>cum</strong></span> <span class='ocrx_word' id='word_1_279' title='bbox 1489 2724 1600 2768; x_wconf 86' lang='lat' dir='ltr'><strong>Verg.</strong></span> <span class='ocrx_word' id='word_1_280' title='bbox 1628 2724 1718 2759; x_wconf 91' lang='lat' dir='ltr'><strong>Aen.</strong></span> 
     </span>
     <span class='ocr_line' id='line_1_45' title="bbox 181 2770 1483 2816; baseline -0.002 -8"><span class='ocrx_word' id='word_1_281' title='bbox 181 2773 245 2815; x_wconf 91' lang='lat' dir='ltr'><strong>VI,</strong></span> <span class='ocrx_word' id='word_1_282' title='bbox 264 2773 333 2808; x_wconf 88' lang='grc'><strong>398</strong></span> <span class='ocrx_word' id='word_1_283' title='bbox 358 2774 399 2808; x_wconf 86' lang='lat' dir='ltr'><strong>et</strong></span> <span class='ocrx_word' id='word_1_284' title='bbox 423 2773 511 2809; x_wconf 78' lang='lat' dir='ltr'><strong>Aus.</strong></span> <span class='ocrx_word' id='word_1_285' title='bbox 537 2771 635 2807; x_wconf 84' lang='lat' dir='ltr'><strong>Clar.</strong></span> <span class='ocrx_word' id='word_1_286' title='bbox 661 2771 750 2807; x_wconf 87' lang='lat' dir='ltr'><strong>Urb.</strong></span> <span class='ocrx_word' id='word_1_287' title='bbox 776 2771 877 2814; x_wconf 93' lang='lat' dir='ltr'><strong>VII,</strong></span> <span class='ocrx_word' id='word_1_288' title='bbox 903 2772 920 2806; x_wconf 95' lang='lat'>1</span> <span class='ocrx_word' id='word_1_289' title='bbox 949 2783 1032 2806; x_wconf 89' lang='lat' dir='ltr'><strong>cum</strong></span> <span class='ocrx_word' id='word_1_290' title='bbox 1060 2771 1167 2816; x_wconf 87' lang='lat' dir='ltr'><strong>Verg.</strong></span> <span class='ocrx_word' id='word_1_291' title='bbox 1194 2771 1284 2806; x_wconf 90' lang='lat' dir='ltr'><strong>Aen.</strong></span> <span class='ocrx_word' id='word_1_292' title='bbox 1310 2770 1377 2813; x_wconf 92' lang='lat' dir='ltr'><strong>III,</strong></span> <span class='ocrx_word' id='word_1_293' title='bbox 1404 2771 1483 2805; x_wconf 84' lang='lat'>539.</span> 
     </span>
     <span class='ocr_line' id='line_1_46' title="bbox 279 2816 1721 2863; baseline -0.002 -9"><span class='ocrx_word' id='word_1_294' title='bbox 279 2819 306 2863; x_wconf 81' lang='lat'><strong>²)</strong></span> <span class='ocrx_word' id='word_1_295' title='bbox 330 2819 385 2854; x_wconf 89' lang='lat' dir='ltr'><strong>De</strong></span> <span class='ocrx_word' id='word_1_296' title='bbox 410 2819 480 2855; x_wconf 87' lang='lat' dir='ltr'><strong>hac</strong></span> <span class='ocrx_word' id='word_1_297' title='bbox 504 2830 543 2854; x_wconf 90' lang='lat' dir='ltr'><strong>re</strong></span> <span class='ocrx_word' id='word_1_298' title='bbox 569 2818 711 2863; x_wconf 89' lang='lat' dir='ltr'><strong>optime</strong></span> <span class='ocrx_word' id='word_1_299' title='bbox 737 2818 912 2854; x_wconf 82' lang='lat' dir='ltr'><strong>disseruit</strong></span> <span class='ocrx_word' id='word_1_300' title='bbox 937 2818 1149 2854; x_wconf 83' lang='lat' dir='ltr'><strong>Kaufmann</strong></span> <span class='ocrx_word' id='word_1_301' title='bbox 1175 2818 1201 2854; x_wconf 93' lang='lat' dir='ltr'><strong>l.</strong></span> <span class='ocrx_word' id='word_1_302' title='bbox 1227 2818 1251 2852; x_wconf 95' lang='lat' dir='ltr'><strong>l.</strong></span> <span class='ocrx_word' id='word_1_303' title='bbox 1277 2830 1313 2863; x_wconf 92' lang='lat' dir='ltr'><strong>p.</strong></span> <span class='ocrx_word' id='word_1_304' title='bbox 1343 2818 1488 2852; x_wconf 84' lang='lat'>16—30.</span> <span class='ocrx_word' id='word_1_305' title='bbox 1538 2816 1590 2853; x_wconf 84' lang='lat' dir='ltr'><strong>cf.</strong></span> <span class='ocrx_word' id='word_1_306' title='bbox 1608 2816 1721 2853; x_wconf 82' lang='lat' dir='ltr'><strong>etiam</strong></span> 
     </span>
    </p>
   </div>
   <div class='ocr_carea' id='block_1_8' title="bbox 183 2865 1417 2958">
    <p class='ocr_par' dir='ltr' id='par_1_11' title="bbox 183 2865 1417 2958">
     <span class='ocr_line' id='line_1_47' title="bbox 183 2865 856 2912; baseline -0.004 -10"><span class='ocrx_word' id='word_1_307' title='bbox 183 2867 319 2902; x_wconf 79' lang='lat' dir='ltr'><strong>Auson.</strong></span> <span class='ocrx_word' id='word_1_308' title='bbox 345 2866 466 2901; x_wconf 86' lang='lat' dir='ltr'><strong>Praef.</strong></span> <span class='ocrx_word' id='word_1_309' title='bbox 491 2866 540 2901; x_wconf 90' lang='lat' dir='ltr'><strong>ad</strong></span> <span class='ocrx_word' id='word_1_310' title='bbox 564 2865 673 2912; x_wconf 78' lang='lat' dir='ltr'><strong>Idyll.</strong></span> <span class='ocrx_word' id='word_1_311' title='bbox 698 2865 761 2899; x_wconf 84' lang='lat' dir='ltr'><strong>xl.</strong></span> <span class='ocrx_word' id='word_1_312' title='bbox 786 2867 856 2900; x_wconf 90' lang='lat' dir='ltr'><strong>etc.</strong></span> 
     </span>
     <span class='ocr_line' id='line_1_48' title="bbox 277 2910 1417 2958; baseline -0.001 -10"><span class='ocrx_word' id='word_1_313' title='bbox 277 2912 304 2956; x_wconf 72' lang='grc'><strong>8)</strong></span> <span class='ocrx_word' id='word_1_314' title='bbox 331 2911 383 2948; x_wconf 83' lang='lat' dir='ltr'><strong>cf.</strong></span> <span class='ocrx_word' id='word_1_315' title='bbox 425 2911 598 2958; x_wconf 80' lang='lat' dir='ltr'><strong>Zingerle</strong></span> <span class='ocrx_word' id='word_1_316' title='bbox 624 2913 683 2955; x_wconf 86' lang='lat' dir='ltr'><strong>(zu</strong></span> <span class='ocrx_word' id='word_1_317' title='bbox 707 2914 826 2957; x_wconf 83' lang='lat' dir='ltr'><strong>spaet.</strong></span> <span class='ocrx_word' id='word_1_318' title='bbox 852 2912 918 2947; x_wconf 88' lang='lat' dir='ltr'><strong>lat.</strong></span> <span class='ocrx_word' id='word_1_319' title='bbox 944 2910 1130 2955; x_wconf 88' lang='lat' dir='ltr'><strong>dichtern)</strong></span> <span class='ocrx_word' id='word_1_320' title='bbox 1154 2923 1241 2956; x_wconf 83' lang='lat' dir='ltr'><strong>pag.</strong></span> <span class='ocrx_word' id='word_1_321' title='bbox 1268 2911 1417 2947; x_wconf 82' lang='lat'>32-44,</span> 
     </span>
    </p>
   </div>
  </div>
 </body>
</html>
