1966 3192
955 107 1011 151 36

213 242 329 287 Verg.
354 240 446 275 Aen.
472 239 502 282 I,
527 238 607 274 520.

355 288 587 342 Postquam
618 285 867 341 introgressi
900 289 942 327 et
974 300 1114 328 coram
1149 287 1250 328 data
1290 286 1453 343 eopia
1491 285 1686 344 fandi¹)

214 361 300 395 Aue.
327 358 424 396 Prof.
452 357 551 398 XIV,
577 358 609 391 7.

354 407 460 448 Tam
491 404 658 461 generis
690 404 769 445 tibi
802 404 933 445 celsus
968 419 1087 458 apex,
1123 419 1246 458 quam
1280 405 1466 460 gloria
1498 406 1585 447 fan
1598 405 1648 446 di

218 503 329 546 Verg.
357 501 445 535 Aen.
473 499 536 541 VI,
561 499 639 533 327.

358 548 446 590 Nec
478 547 591 600 ripas
624 546 747 587 datur
779 545 1009 586 horrendas
1042 550 1084 585 et
1117 560 1138 586 r
1150 560 1174 586 a
1185 561 1211 586 u
1223 560 1245 587 c
1259 560 1283 587 a
1315 546 1393 587 flu
1406 562 1427 589 e
1437 562 1461 588 n
1473 549 1491 588 t
1503 562 1526 588 a
1537 546 1568 601 ¹)

219 620 306 654 Aus.
331 618 421 653 Mos.
450 617 529 651 349.
1400 641 1411 646 ,

358 665 437 707 Sed
471 665 576 705 mihi
608 664 680 718 qui
714 663 885 704 tandem
918 663 1015 703 finis
1047 666 1122 704 tua
1153 664 1339 718 glauca
1377 663 1600 705 fluenta

221 760 331 804 Verg.
359 758 491 802 Georg.
519 757 547 798 I,
577 758 629 793 14.

359 805 585 860 Neptune3
619 810 662 846 et
694 804 829 845 cultor
862 817 1093 855 nemorum,
1126 803 1191 845 cui
1224 804 1455 860 pinguia
1487 804 1657 860 Ceae¹)

221 877 307 911 Ans.
333 875 451 921 Epist.
479 875 541 917 lV,
570 876 622 909 19.

362 924 558 964 Albentis
590 923 675 963 sevi
709 922 903 977 globulos
936 925 978 963 et
1008 922 1239 977 pinguia
1271 937 1436 966 cerae.

224 1206 277 1250 V.
310 1205 656 1261 Comparantur
688 1204 725 1246 ii
757 1215 948 1258 versus,
982 1216 1183 1257 quorum
1216 1206 1290 1248 vel
1323 1207 1374 1247 in
1404 1205 1578 1247 mediis
1609 1205 1683 1247 vel
1713 1205 1765 1247 in

226 1276 430 1320 diversis
461 1275 660 1331 pedibus
692 1274 815 1330 apud
848 1276 1103 1328 utrumque
1133 1277 1320 1331 poetam
1354 1275 1516 1319 eadem
1543 1274 1766 1320 vocabula

833 1346 1156 1389 inveniuntur.

229 1466 341 1511 Verg.
369 1467 458 1500 Aen.
485 1465 549 1506 IV,
575 1466 652 1501 229.

370 1513 450 1554 Sed
482 1513 584 1562 fore,
609 1513 677 1566 qui
711 1512 992 1566 gravidam
1025 1512 1275 1567 imperiis
1307 1513 1499 1567 belloque
1521 1503 1767 1554 frementem

232 1586 313 1621 Ans.
341 1583 468 1629 Epigr.
493 1584 526 1624 4,
553 1584 584 1617 4.

369 1630 627 1685 Imperiis
659 1630 917 1683 gravidas
950 1645 1032 1684 qua
1064 1644 1157 1671 seeo
1201 1630 1441 1671 Pannonias

232 1726 344 1770 Verg.
371 1726 459 1760 Aen.
487 1724 515 1764 Ι,
542 1725 596 1759 14.
646 1723 697 1758 Cf.
725 1724 814 1759 Aen.
841 1724 888 1766 ΙΙ,
914 1725 969 1759 22.

372 1773 507 1821 Ostia,
540 1773 686 1812 dives
718 1786 871 1826 opum
904 1773 1138 1826 studiisque
1172 1774 1401 1828 asperrima
1432 1772 1531 1813 belli

233 1844 320 1878 Aus.
347 1842 473 1888 Epigr.
502 1843 579 1884 134,
609 1843 638 1876 1.
688 1841 740 1876 Cf.
768 1842 862 1877 Prof.
890 1842 988 1884 XVI,
1020 1844 1070 1876 15.

375 1891 472 1932 Non
504 1893 568 1931 est
600 1890 750 1931 dives
799 1905 955 1945 opum
989 1891 1117 1940 dives,
1154 1905 1227 1932 nee
1257 1905 1418 1945 pauper
1449 1891 1655 1944 inopsque

235 1986 346 2030 Verg.
374 1973 464 2020 Ae'n.
490 1985 554 2026 lv,
581 1985 658 2019 519.

376 2033 573 2074 Testatur
605 2033 810 2074 moritura
843 2032 941 2074 deos
974 2035 1016 2073 et
1047 2033 1274 2074 conseia
1306 2033 1416 2074 fati
1455 2057 1511 2062 —
1544 2031 1727 2073 Sidera

237 2105 322 2138 Aus.
350 2104 431 2138 Par.
458 2102 521 2144 IV,
552 2104 603 2136 17.

378 2151 439 2192 Tu
474 2151 576 2192 caeli
609 2165 802 2192 numeros
834 2154 877 2191 et
909 2151 1134 2192 conscia
1166 2151 1347 2192 sidera
1379 2151 1484 2192 fati

238 2247 349 2291 Verg.
378 2246 466 2279 Aen.
493 2244 557 2287 IV,
587 2246 639 2280 17.

379 2293 609 2346 Postquam
643 2294 803 2347 primus
835 2307 951 2334 amor
982 2293 1262 2347 deceptam
1301 2295 1435 2334 morte
1468 2292 1658 2345 fefellit2)

240 2353 324 2386 Aus.
351 2352 433 2386 Par.
460 2350 523 2392 IX,
556 2353 587 2385 7.

381 2399 439 2439 Te
471 2399 633 2440 iuvenis
666 2399 812 2453 primis
843 2399 930 2440 luxi
963 2399 1225 2453 deceptus
1268 2399 1311 2439 in
1345 2399 1466 2439 annis

338 2577 363 2621 ¹)
388 2576 436 2611 Hi
461 2588 588 2612 versus
614 2576 653 2612 in
678 2577 748 2612 fine
774 2576 887 2621 positi
907 2578 1004 2619 sunt,
1030 2576 1118 2621 quia
1132 2576 1313 2612 Ausonius
1339 2576 1504 2611 hocloco
1530 2576 1577 2611 ad
1595 2575 1775 2612 imitatio-

242 2636 325 2659 nem
353 2624 435 2670 pari
460 2626 608 2659 tantum
634 2635 722 2659 sono
748 2625 945 2659 verborum
972 2624 1153 2659 adductus
1179 2627 1246 2659 est.
1297 2624 1349 2660 Of.

382 2683 480 2709 norat.
501 2683 562 2709 Art.
582 2684 656 2716 poet.
672 2683 730 2708 164.

499 2718 660 2754 Utilium
686 2718 814 2753 tardus
841 2718 1007 2762 provisor
1032 2730 1056 2762 p
1067 2729 1084 2751 r
1095 2729 1115 2752 ο
1129 2717 1175 2751 di
1186 2729 1210 2761 g
1221 2730 1246 2752 u
1256 2730 1273 2751 s
1298 2730 1320 2752 a
1328 2728 1347 2751 e
1355 2717 1418 2751 ris

383 2765 453 2791 Aus.
472 2764 549 2797 Epit.
567 2764 633 2790 Her.
654 2763 729 2796 vm,
749 2765 774 2790 1.

502 2800 579 2834 Hoc
603 2802 713 2845 tegor
736 2799 775 2834 in
799 2799 944 2835 tumulo
970 2800 1093 2844 quarti
1119 2799 1193 2835 iam
1220 2798 1444 2844 prodigus
1470 2797 1574 2834 aevi

339 2868 364 2918 ²)
391 2870 566 2918 deceptus
594 2884 634 2900 =
661 2871 823 2906 orbatus.
