1966 3192
930 122 956 165 9

172 254 236 296 uti
266 253 547 309 Boeckingius
577 254 704 309 plane
734 253 957 296 ridiculum
989 266 1077 294 esse
1109 254 1251 294 censet
1262 250 1306 307 ¹)
1347 251 1489 306 Atque
1520 265 1633 302 sane,
1665 250 1701 291 si

169 312 263 369 quis
290 311 571 362 contenderet
590 312 824 355 Ausonium
854 310 909 355 ob
930 311 973 353 id
994 310 1277 354 Christianum
1297 309 1425 352 fuisse
1447 324 1530 351 non
1563 323 1698 376 posse,

170 371 284 426 quod
328 386 419 413 cum
452 371 540 413 viro
571 371 724 413 veteris
755 371 973 427 religionis
1004 369 1312 412 studiosissimo
1343 368 1575 410 amicitiam
1606 368 1703 409 iun-

168 429 310 481 xisset,
330 428 610 487 Boeckingius
641 429 731 472 iure
761 444 838 473 suo
860 429 903 474 id
932 429 1152 472 ridiculum
1183 427 1371 470 haberet.
1432 426 1514 486 Sed
1544 426 1581 469 si
1611 427 1701 482 epi-

136 530 138 532 .
168 488 315 539 stulas,
348 503 451 543 quas
483 488 757 555 Symmachus
789 489 841 534 ad
874 488 1106 530 Ausonium
1139 487 1243 529 satis
1273 487 1427 528 multas
1458 486 1586 536 dedit,
1631 501 1699 527 ac-

159 546 356 595 curatius
386 546 646 614 inspicimus,
679 547 714 597 si
736 547 922 589 videmus
945 561 1069 602 quam
1100 546 1222 598 firmo
1244 545 1451 588 amicitiae
1484 548 1527 587 et
1548 544 1700 586 amoris

169 606 336 648 vinculo
357 605 574 648 coniuncti
593 600 877 648 blandissimis
899 606 1138 647 nominibus
1160 605 1267 646 alter
1289 605 1465 646 alterum
1488 604 1701 658 appellare

166 664 284 706 soliti
323 663 469 717 sint²)‚
502 665 642 706 nescio
674 679 729 706 an
759 678 843 707 non
875 662 1097 705 ridiculum
1129 664 1185 705 sit
1215 662 1449 704 Ausonium
1486 661 1701 704 ethnicum

167 721 323 778 putari.
386 721 489 764 Cum
535 723 645 765 enim
689 737 775 765 non
819 723 1061 778 ignoremus
1107 721 1402 777 Symmachum
1453 721 1699 763 acerrimum

166 783 531 836 propugnatorem
574 781 727 823 veteris
769 781 988 836 religionis
1028 780 1240 822 exstitisse
1270 780 1442 834 eiusque
1473 779 1701 821 servandae

165 843 291 882 tanto
324 839 471 882 ardore
492 840 798 882 inflammatum
821 840 961 891 fuisse,
994 843 1042 882 ut
1063 854 1202 882 coram
1224 839 1477 893 imperatore
1503 838 1701 894 religioni

166 896 432 940 Christianae
464 898 607 950 dedito
638 913 731 940 eam
762 899 982 941 defendere
1012 912 1099 940 non
1130 896 1407 950 dubitaret³);
1427 897 1575 940 deinde
1607 912 1700 938 cum

165 955 437 1012 Symmachus
480 957 571 1013 ipse
615 955 793 1012 dicat4J:
848 972 984 999 <nunc
1026 957 1110 999 aris
1142 956 1282 999 deesse
1321 955 1535 998 Romanos
1565 970 1699 1011 genus

165 1018 230 1056 est
261 1015 514 1064 ambiendi»,
548 1031 647 1057 num
680 1031 771 1057 eum
804 1019 977 1071 propter
1007 1016 1142 1057 solum
1174 1014 1337 1070 ingenii
1376 1015 1570 1056 meritum
1612 1014 1701 1055 Au·

165 1074 332 1116 sonium
363 1077 485 1116 tanto
518 1089 660 1117 amore
692 1075 1006 1130 complexurum
1044 1075 1174 1116 fuisse
1215 1074 1303 1115 veri
1335 1077 1400 1115 est
1429 1073 1577 1125 simile,
1618 1073 1702 1114 nisi

164 1132 293 1174 etiam
337 1132 387 1174 de
428 1134 564 1184 rebus,
617 1147 724 1188 quae
768 1133 819 1175 ad
839 1133 1091 1188 religionem
1123 1133 1351 1187 pertinent,
1384 1135 1560 1187 uterque
1591 1131 1703 1173 idem

164 1191 379 1233 sensisset.

282 1248 361 1291 Sed
383 1250 494 1291 hanc
507 1249 688 1291 Ausonii
711 1265 804 1292 cum
822 1250 1070 1305 Symmacho
1093 1249 1320 1291 amicitiam
1343 1250 1467 1305 plane
1489 1249 1702 1291 obscurari

172 1310 297 1363 putat
329 1307 651 1364 Boeckingius5)
679 1309 866 1351 amicitia
907 1309 1088 1359 Paulini,
1121 1323 1226 1363 quae
1268 1324 1354 1350 una
1396 1323 1487 1350 cum
1520 1308 1704 1363 quinque

170 1366 257 1408 illis
288 1367 494 1422 epistulis,
519 1382 695 1422 quarum
727 1371 812 1409 tres
845 1368 897 1409 ab
918 1367 1121 1420 Ausonio,
1153 1368 1255 1409 duas
1277 1383 1301 1409 a
1322 1367 1499 1409 Paulino
1522 1367 1702 1422 scriptas

164 1425 293 1467 etiam
333 1440 446 1468 nunc
485 1425 708 1476 habemus,
754 1433 841 1468 tam
890 1441 1013 1481 saepe
1056 1426 1108 1467 ad
1138 1426 1382 1481 religionem
1416 1426 1701 1467 Christianam

163 1483 345 1527 Ausonii
376 1484 441 1526 vel
473 1484 766 1527 affirmandam
797 1485 863 1527 vel
894 1485 1128 1541 negandam
1161 1483 1352 1526 adhibita
1391 1488 1468 1534 est,
1514 1488 1562 1527 ut
1602 1499 1700 1539 pro-

165 1543 258 1598 pius
289 1543 342 1585 ad
364 1558 456 1586 eam
487 1543 610 1586 nobis
640 1544 917 1586 accedendum
951 1544 1019 1586 sit.
1082 1543 1296 1599 Meropius
1318 1543 1494 1587 Pontius
1526 1543 1699 1587 Anicius

165 1602 365 1644 Paulinus
398 1617 508 1644 anno
541 1603 625 1644 353
658 1618 697 1657 p.
722 1603 796 1645 Ch.
820 1619 862 1647 n.
905 1603 1158 1659 Burdigalae
1190 1606 1316 1645 natus
1337 1606 1413 1652 est,
1437 1606 1480 1644 et
1500 1605 1699 1658 parentes

163 1661 250 1702 eius
282 1675 306 1702 a
337 1660 598 1703 nobilissima
630 1665 756 1716 gente
790 1677 919 1717 eaque
951 1663 1166 1705 senatoria
1197 1662 1406 1704 duxerunt
1436 1660 1698 1718 originem6).

164 1719 246 1761 Sed
298 1722 396 1761 ante
444 1734 599 1761 annum
652 1722 758 1773 378,
811 1736 893 1776 quo
934 1721 1068 1763 Nolae
1121 1725 1310 1767 versatus
1362 1722 1412 1761 ad
1462 1721 1699 1775 sepulcrum

164 1778 309 1820 Sane-ti
340 1777 490 1820 Felicis
522 1778 740 1833 accessit7)
771 1794 937 1835 quoque
968 1780 1012 1821 in
1044 1794 1262 1821 numerum
1304 1779 1698 1821 catechumenorum

163 1839 355 1892 receptus
387 1839 462 1888 est,
508 1852 594 1879 non
635 1837 851 1888 habemus,
895 1854 967 1880 cur
998 1838 1221 1880 Paulinum
1252 1838 1538 1880 Christianum
1570 1838 1697 1879 fuisse

162 1895 427 1938 arbitremur.
462 1895 577 1945 Quae
597 1897 809 1937 sententia
830 1896 1002 1938 minime
1023 1897 1232 1938 refutatur
1253 1911 1277 1938 a
1298 1896 1425 1938 Busio
1434 1894 1481 1949 8),
1510 1895 1700 1951 quamvis

163 1953 350 1996 dubitari
382 1968 504 2009 posse
536 1957 676 2010 neget,
710 1955 809 2010 quin
844 1958 1040 2010 parentes
1071 1955 1240 1997 Paulini
1271 1956 1395 1997 fidem
1416 1955 1698 1998 Christianam

163 2012 342 2069 professi
382 2013 481 2055 sint.
543 2013 709 2056 Nititur
749 2014 860 2056 enim
907 2015 965 2064 ,ad
1004 2015 1115 2056 hanc
1154 2014 1394 2070 opinionem
1437 2014 1698 2070 probandam

164 2071 409 2117 duodecima
440 2072 609 2114 Paulini
640 2073 835 2127 epistula,
879 2089 961 2129 qua
1002 2076 1148 2115 narrat
1187 2088 1230 2115 se
1268 2074 1513 2115 libertinum
1544 2073 1697 2115 Burdi-

162 2130 303 2186 galam
323 2130 498 2182 misisse,
531 2132 603 2185 qui
634 2131 844 2186 obsequiis
866 2135 1088 2186 parentum
1109 2133 1196 2174 ritu
1217 2132 1456 2174 Christiano
1481 2132 1697 2173 celebran-

164 2189 227 2231 dis
278 2189 454 2232 adesset.
517 2188 597 2232 Sed
648 2204 903 2245 quamquam
953 2191 1035 2233 hac*
1081 2191 1260 2246 epistula
1311 2191 1502 2233 concludi
1554 2193 1697 2245 potest

162 2247 331 2289 Paulini
361 2251 559 2302 parentes
591 2263 639 2290 eo
671 2251 873 2303 tempore,
906 2264 987 2304 quo
1020 2250 1172 2290 mortui
1204 2251 1313 2299 sunt,
1335 2249 1459 2290 fidem
1481 2250 1695 2304 professos

163 2320 251 2348 esse
290 2304 583 2358 Christianam,
633 2305 774 2349 tamen
814 2307 894 2350 hoc
936 2307 1107 2350 minime
1137 2308 1407 2349 manifestum
1445 2311 1522 2350 est.
1584 2307 1696 2350 Nam

163 2368 278 2407 certo
310 2363 518 2419 constat⁹)
551 2368 748 2421 parentes
760 2365 941 2418 Paulini,
974 2366 1183 2422 imprimis
1214 2370 1403 2417 matrem,
1437 2369 1580 2408 aetate
1611 2367 1696 2408 iam

258 2481 283 2524 ι)
308 2481 400 2517 Vita
424 2480 579 2517 Ausonii
603 2494 689 2527 pag.
715 2484 770 2518 67.

256 2527 284 2573 ²)
308 2528 361 2564 Cf.
387 2528 599 2573 Symmachi
637 2528 726 2565 libri
759 2529 788 2565 Ι.
813 2529 994 2575 epistulas
1026 2530 1124 2572 XVI,
1173 2529 1289 2573 XXII,
1338 2530 1510 2572 XXVIII,
1562 2530 1695 2574 XXXI,

98 2577 118 2589 a
163 2575 434 2667 XXX8)XIEI:{›.i!{t
452 2575 614 2663 J{uzoli-iii
638 2576 840 2621 epistulam
865 2577 982 2612 XVII.
1008 2578 1056 2612 ad
1082 2577 1341 2621 Symmachum
1368 2576 1506 2612 datam.

255 2669 282 2712 ⁴)
308 2670 365 2715 Ep
366 2668 427 2705 ist.
454 2669 483 2711 I,
509 2670 564 2704 51.

255 2717 281 2759 ⁶)
306 2681 365 2751 Inp
372 2716 474 2752 vitae
499 2716 634 2751 Auson.
682 2728 768 2769 pag.
795 2718 850 2752 68.

255 2762 282 2804 6)
307 2763 415 2806 Buse,
441 2762 575 2799 Paulin
599 2775 635 2799 u.
662 2762 763 2799 seina
788 2764 862 2800 zeit
886 2764 913 2800 Ι.
939 2776 1024 2811 pag.
1051 2765 1095 2801 39
1121 2776 1175 2811 sq.

255 2810 282 2856 7)
306 2810 451 2847 Ibidem
476 2811 504 2846 Ι.
529 2823 615 2857 pag.
641 2812 687 2847 84
712 2824 765 2856 sq.

254 2857 282 2949 ες
306 2856 464 2952 {aa
476 2858 515 2940 11·
530 2859 698 2952 aaz?
704 2905 760 2941 41
