1966 3192
990 131 1015 174 5

227 262 290 307 ita
333 262 681 319 interpretantur,
727 265 776 306 ut
819 262 1000 305 Aemilia
1039 262 1204 306 Hilaria
1246 262 1366 318 virgo
1398 262 1566 317 Christo
1598 266 1765 307 sacrata

229 322 367 365 fuerit.
430 321 510 365 Sed
542 322 578 363 si
608 322 698 365 sine
730 322 929 378 opinione
960 322 1247 378 praeiudicata
1279 324 1442 365 sextum
1474 322 1763 366 Parentalinm

228 395 394 424 carmen
439 381 753 435 perlegerimus,
801 381 872 423 ubi
917 380 1130 423 Ausonius
1175 385 1321 423 narrat
1366 385 1636 423 materteram
1678 382 1761 423 iam

227 439 324 482 inde
357 455 381 481 a
411 439 641 481 tenerrima
686 442 827 482 aetate
858 440 975 494 pueri
1007 439 1232 481 admodum
1277 440 1411 481 instar
1456 440 1597 490 fuisse,
1646 454 1761 482 more

229 498 413 540 virorum
443 497 674 540 medicinae
715 499 937 549 studuisse,
984 513 1149 554 semper
1195 513 1220 540 a
1265 513 1365 540 sexu
1406 499 1655 540 feminarum
1688 498 1762 539 ab·

226 555 450 607 horruisse,
482 557 583 610 quin
616 557 741 598 etiam
773 557 967 608 doluisse,
999 557 1224 611 (1001111011
1259 557 1377 611 pueri
1408 557 1499 598 loco
1516 560 1618 598 nata
1634 560 1758 606 esset,

227 628 328 657 sane
373 629 459 656 non
492 614 792 657 admirabimur
838 628 915 658 nec
962 615 1167 672 religione
1200 614 1464 658 Christianae
1510 615 1757 667 tribuemus,

226 674 338 728 quod
370 674 523 723 officia,
571 689 677 728 quae
708 675 981 716 matrimonio
1012 675 1279 729 suscipienda
1309 679 1442 723 erant,
1492 675 1633 715 animo
1672 675 1759 715 eius

227 731 339 773 virili
371 746 626 787 magnopere
672 732 964 787 displicebant.
1027 732 1165 775 Facile
1197 733 1328 788 igitur
1360 733 1623 788 intellegitur
1669 747 1758 774 eam

226 790 432 847 virginem
464 806 508 834 se
538 806 780 834 mansuram
810 807 898 835 esse
929 791 1103 858 vovisse,
1146 807 1234 835 non
1274 807 1357 847 quo
1396 807 1559 834 summo
1601 791 1759 834 Christi

226 865 366 893 amore
412 851 674 892 inflammata
720 854 841 902 esset,
894 850 965 893 sed
1010 851 1109 905 quia
1154 851 1243 892 vita
1288 850 1522 905 coniugalis
1556 851 1638 893 toti
1670 851 1758 892 eius

223 909 357 950 indoli
388 912 516 963 atque
547 911 723 951 naturae
754 886 1030 964 repugnabat.
1093 908 1304 959 Sororum,
1352 924 1460 963 quae
1501 909 1567 950 his
1608 910 1759 950 animis

224 981 310 1009 non
342 971 476 1017 erant,
526 968 659 1009 altera
689 967 867 1009 Ausonii
914 967 1026 1022 patri
1066 969 1279 1022 nupserat,
1327 967 1503 1009 alteram
1535 966 1757 1009 Aemiliam

225 1025 453 1081 Dryadiam
499 1026 643 1068 invida
673 1030 808 1068 morte
825 1026 1011 1068 thalamo
1058 1030 1101 1068 et
1146 1026 1281 1068 taedis
1327 1026 1756 1081 iugalibus-ereptam

224 1098 312 1126 esse
327 1084 538 1126 Ausonius
571 1087 716 1126 narrat
726 1084 770 1138 1).
819 1084 1016 1126 Fortasse
1033 1085 1160 1126 etiam
1177 1085 1358 1126 Aemilia
1374 1084 1538 1126 Hilaria
1555 1084 1757 1140 exemplis

223 1143 577 1198 intemperantiae
608 1145 735 1199 atque
766 1158 927 1186 morum
960 1143 1199 1198 corruptela
1230 1144 1568 1198 depravatorum,
1587 1144 1754 1198 quaein

223 1203 395 1243 urbibus
427 1203 589 1244 Galliae
635 1217 718 1243 non
767 1217 862 1243 raro
908 1202 1287 1255 inveniebantur2),
1335 1202 1536 1244 deterrita
1582 1205 1658 1252 est,
1704 1216 1756 1243 ne

222 1261 409 1303 nuberet.
472 1260 663 1315 Denique
694 1261 729 1302 si
760 1275 902 1304 vocem
950 1261 1153 1303 «devota»
1203 1261 1439 1303 accuratius
1486 1261 1754 1316 inspicimus,

223 1320 335 1373 apud
365 1320 599 1361 Ausonium
629 1320 779 1360 iterum
811 1320 1047 1361 invenimus
1077 1320 1214 1374 idyllii
1251 1320 1377 1374 primi
1409 1334 1528 1361 versu
1560 1320 1754 1369 secundo,

220 1378 293 1420 ubi
324 1378 434 1419 idem
464 1377 550 1420 fere
572 1378 796 1433 significat,
828 1378 938 1433 quod
975 1377 1111 1432 «pia».
1174 1376 1254 1419 Sed
1287 1377 1361 1420 illo
1382 1378 1474 1420 1000
1504 1378 1608 1420 haec
1623 1378 1756 1433 signi-

220 1437 363 1478 ficatio
393 1437 517 1478 modo
550 1452 599 1478 ex
629 1439 721 1478 tota
743 1436 965 1478 verborum
997 1436 1208 1480 sententia
1224 1437 1372 1487 oritur,
1405 1437 1447 1477 id
1466 1437 1575 1490 quod
1606 1440 1754 1478 nostro

221 1494 508 1537 Parentalium
538 1495 630 1537 loco
661 1495 833 1536 minime
862 1495 922 1536 fit.
1000 1494 1225 1537 Praeterea
1255 1495 1291 1536 si
1322 1495 1562 1537 Foreellinii
1591 1495 1753 1537 lexicon

220 1556 262 1596 et
304 1554 555 1609 glossarium
599 1555 758 1595 mediae
799 1557 842 1595 et
881 1554 1049 1595 infimae
1079 1554 1322 1603 latinitatis,
1366 1554 1477 1608 quod
1512 1554 1577 1595 Du
1609 1554 1752 1609 Gange

221 1612 365 1663 edidit,
413 1613 740 1667 comparaveris,
789 1612 978 1654 invenies
1026 1627 1168 1654 vocem
1217 1612 1439 1663 „devotam
1486 1613 1751 1667 virgniuem“

222 1677 319 1713 voce
354 1671 482 1712 «deo»
516 1672 671 1712 omissa
702 1671 779 1713 hoc
810 1671 1048 1725 significare
1064 1686 1147 1712 non
1172 1680 1305 1724 posse,
1339 1671 1451 1724 quod
1472 1670 1754 1725 Boeckingius

219 1730 322 1779 vult,
355 1729 438 1770 nisi
468 1729 512 1770 in
546 1729 825 1784 paragraphis
856 1729 1129 1771 conciliorum
1159 1729 1285 1784 longe
1316 1728 1564 1783 posterioris
1585 1729 1750 1779 aetatis,

221 1803 302 1843 qua
335 1788 499 1843 quidem
532 1803 575 1829 re
606 1789 651 1829 in
683 1791 874 1830 nostrum
904 1786 1081 1843 locumss)
1113 1787 1219 1828 nihil
1251 1788 1469 1843 probatur.

338 1847 457 1895 Quod
488 1846 771 1900 Boeckingius
802 1846 929 1888 dicit:
980 1845 1081 1896 «Ja,
1118 1846 1268 1887 hatten
1316 1846 1421 1887 doch
1454 1846 1569 1887 seine
1600 1850 1749 1887 tanten

219 1920 403 1956 nonnen,
436 1904 615 1948 Aemilia
646 1905 810 1948 Hilaria
842 1905 926 1947 und
956 1904 1072 1948 Julia
1103 1904 1401 1960 Cataphronia,
1434 1905 1510 1947 auf
1541 1905 1655 1948 seiae
1686 1921 1751 1947 er-

221 1964 402 2020 ziehung
448 1965 567 2006 einen
618 1966 798 2013 einfluss‚
852 1965 931 2006 den
978 1979 1021 2005 er
1053 1964 1162 2005 noch
1193 1965 1237 2005 in
1270 1965 1349 2005 den
1383 1964 1752 2019 spatgedichteten

219 2023 489 2065 Parentalien
509 2023 700 2065 dankbar
717 2023 991 2071 anerkennt»,
1024 2022 1075 2064 de
1106 2021 1287 2065 Aemilia
1319 2022 1482 2064 Hilaria
1513 2023 1638 2065 verba
1669 2023 1753 2065 iam

219 2082 391 2124 fecimus
413 2085 455 2123 et
472 2082 689 2124 docuimus
711 2082 763 2123 ab
780 2082 859 2123 hac
875 2081 1107 2123 Ausonium
1127 2082 1179 2123 ad
1199 2082 1447 2136 religionem
1469 2081 1751 2123 Christianam

220 2141 390 2196 quidem
421 2156 507 2182 non
542 2142 763 2182 educatum
795 2155 908 2190 esse3
944 2140 1016 2181 sed
1048 2140 1157 2181 unde
1189 2140 1470 2195 Boeckingius
1503 2141 1754 2182 concluserit

219 2202 347 2242 etiam
377 2199 404 2241 J
407 2200 533 2241 uliam
551 2200 877 2254 Cataphroniam
910 2199 1115 2240 educandi
1132 2199 1310 2241 Ausonii
1341 2199 1591 2254 participem
1608 2199 1749 2248 fuisse,

219 2259 346 2314 plane
376 2258 531 2300 nescio.
593 2258 702 2301 Nam
734 2258 946 2300 Ausonius
977 2272 1054 2299 nec
1072 2257 1359 2299 Parentalium
1390 2272 1525 2311 neque
1548 2258 1632 2299 alio
1658 2258 1750 2300 loco

219 2317 447 2372 quidquam
478 2318 528 2359 de
546 2317 625 2359 hac
655 2333 699 2359 re
730 2317 847 2368 dicit,
879 2317 951 2358 sed
972 2317 1094 2358 modo
1125 2316 1270 2358 laudat
1286 2316 1403 2357 illam
1433 2316 1513 2358 sibi
1534 2317 1752 2371 «quamvis

219 2377 276 2418 de*
300 2390 483 2432 paupere
513 2391 675 2420 summa
691 2378 763 2432 (sc.
797 2373 981 2432 argenti)
996 2375 1177 2430 aliquam
1209 2377 1372 2431 partem
1389 2375 1592 2430 dedisse4)
1625 2379 1751 2432 atque

218 2435 328 2478 hanc
359 2438 413 2478 ob
446 2435 657 2492 causam5)
688 2435 769 2477 sibi
800 2435 1204 2478 commemorandam
1236 2450 1363 2476 esse.»

335 2494 496 2536 Deinde
529 2494 636 2536 hanc
667 2494 836 2536 amitam
886 2494 929 2535 in
961 2492 1131 2535 Arborii
1177 2493 1300 2535 domo
1330 2493 1521 2542 Tolosae,
1561 2493 1632 2535 ubi
1665 2493 1751 2535 Au-

218 2553 362 2603 sonius
410 2553 608 2595 educatus
656 2557 731 2604 est,
784 2553 935 2595 vixisse
986 2552 1069 2593 nisi
1098 2552 1381 2594 hariolatione
1428 2567 1451 2592 a
1484 2567 1582 2593 vero
1630 2552 1751 2594 valde

314 2717 339 2758 ¹)
367 2718 448 2754 Par.
476 2719 531 2759 25,
557 2718 588 2752 5.
615 2718 646 2752 6.

314 2763 339 2805 2)
368 2765 475 2806 Buse,
503 2764 635 2800 Paulin
661 2778 695 2799 u.
722 2765 822 2800 seine
848 2766 925 2800 Zeit
950 2766 978 2808 I,
1006 2767 1062 2800 53.

312 2810 340 2855 θ’)
365 2812 446 2846 Par.
473 2812 504 2846 6.

313 2856 341 2904 ⁴)
365 2859 448 2895 Par.
473 2859 530 2901 26,
556 2860 587 2894 5.

313 2905 342 2951 ⁶)
367 2907 449 2944 Par.
474 2907 531 2948 26,
557 2908 588 2941 7.
638 2917 725 2953 ergo
751 2933 853 2944 .....
