1966 3192
1002 89 1058 132 20

262 219 474 274 peratoris
506 221 755 269 versaretur,
797 222 948 274 putare
987 219 1103 261 nullo
1143 219 1268 262 modo
1313 233 1539 276 possumus
1563 219 1796 272 Ausonium

261 278 472 321 dicturum
511 278 639 320 fuisse
684 278 767 319 sibi
804 281 903 320 ante
941 293 1086 320 omnes
1125 278 1249 320 deum
1278 282 1322 321 et
1352 282 1452 336 post
1480 278 1599 321 illum
1631 283 1796 335 patrem

261 337 482 379 colendum
529 351 638 388 esse,
680 338 946 391 imperatoris
984 351 1081 378 vero
1120 336 1280 378 nullam
1310 337 1520 382 rationem
1549 337 1796 393 habiturum

259 396 325 438 vel
354 396 553 439 inferiore
584 410 678 437 eum
700 395 794 438 loco
815 396 1053 450 positurum
1073 395 1201 437 fuisse
1241 409 1368 450 quam
1396 399 1574 451 patrem,
1604 411 1795 451 praeser-

259 455 335 495 tim
367 469 461 496 cum
491 455 554 495 illi
585 468 792 495 summam
823 454 1008 509 gratiam
1038 453 1192 495 habere
1223 453 1406 497 deberet.
1849 470 1851 472 ·

376 512 539 568 Itaque,
582 513 691 555 sicut
731 513 774 554 in
816 511 964 568 idyllio
1008 512 1144 568 primo
1175 511 1283 568 ipso,
1325 512 1369 554 in
1401 513 1486 555 illis
1517 513 1793 568 praefationis

257 572 395 613 verbis
426 570 677 626 implicitum
709 575 773 612 est
803 571 857 612 ab
878 571 1067 613 Ausonio
1099 571 1220 612 deum
1252 574 1295 612 et
1319 571 1618 626 imperatorem
1649 572 1794 615 eodem

256 630 460 673 vocabulo
491 629 738 686 significari.
799 630 859 672 At
890 632 1066 686 quaerat
1105 628 1286 672 fortasse
1333 630 1555 685 quispiam,
1595 645 1668 674 cur
1704 630 1794 674 Au-

210 694 212 696 '
256 690 411 740 eonius,
443 689 479 731 si
501 689 693 731 'ethnicus
724 690 863 740 fuerit,
897 704 982 730 non
1003 688 1123 730 Jovis
1141 689 1208 730 vel
1238 689 1346 730 alius
1363 689 1436 730 sed
1457 689 1792 732 Christianorum

255 748 322 789 dei
353 747 521 789 nomine
551 760 650 789 usus
682 747 751 799 sit,
794 751 841 788 ut
880 747 1158 802 imperatores
1189 746 1432 790 celebraret.
1493 747 1561 789 Ad
1592 748 1703 803 quod
1733 749 1793 790 sic

253 806 613 863 respondendum:
644 806 826 861 primum
849 806 947 861 quia
968 806 1081 850 illud
1102 805 1323 861 religionis
1355 805 1618 849 Christianae
1639 807 1792 863 dogma

254 867 415 921 optime
457 866 495 907 ei
534 865 663 907 trium
701 866 1004 920 imperatorum
1042 864 1237 906 societati
1281 864 1577 916 conveniebat,
1622 865 1668 907 in
1709 880 1793 921 qua

252 923 592 975 Valentinianus,
616 924 805 979 quamvis
828 938 922 966 cum
954 923 1115 965 duobus
1148 923 1342 978 cognatis
1363 923 1584 981 imperium
1605 925 1790 979 partitus

254 987 384 1034 esset,
433 988 574 1025 tamen
618 996 823 1024 summam
862 985 1119 1038 potestatem
1160 983 1251 1037 ipse
1293 982 1406 1024 solus
1453 982 1540 1025 fere
1584 983 1788 1035 habebat}

253 1043 403 1084 deinde
435 1042 534 1097 quia
565 1042 776 1084 Ausonius
808 1041 1064 1083 Valentiano
1098 1041 1296 1095 religioni
1339 1040 1604 1083 Christianae
1647 1042 1788 1084 dedito

252 1100 543 1155 gratissimum
573 1100 663 1142 fore
695 1100 907 1155 sperabat,
953 1100 988 1141 si
1021 1114 1115 1142 cum
1146 1113 1195 1141 eo
1227 1100 1490 1141 conferretur
1535 1100 1623 1152 deo,
1666 1114 1788 1155 quem

252 1160 341 1214 ipse
384 1169 594 1201 summum
633 1163 760 1213 atque
803 1159 1031 1200 maximum
1075 1158 1274 1200 habebat.
1348 1157 1501 1213 Itaque
1530 1159 1611 1201 hoc
1640 1155 1818 1214 idyllia

251 1218 483 1259 Ausonium
517 1217 644 1258 verba
674 1232 748 1259 sua
780 1217 832 1257 ad
863 1217 1130 1271 imperatoris
1163 1216 1408 1271 religionem
1453 1218 1788 1267 accommodasse

252 1291 337 1317 non
370 1277 521 1317 mirum
552 1280 628 1325 est,
661 1290 753 1316 cum
785 1275 1010 1316 Teuffelius
1047 1276 1174 1315 etiam
1207 1275 1301 1315 aliis
1332 1275 1435 1316 locis
1466 1276 1575 1316 idem
1607 1291 1633 1317 a
1661 1279 1787 1330 poeta

248 1339 393 1377 nostro
424 1334 517 1376 fieri
548 1333 798 1376 confiteatur
810 1332 840 1390 ι)
871 1337 914 1375 et
941 1332 1218 1388 Symmachus
1250 1333 1353 1388 ipse,
1386 1347 1509 1388 quem
1539 1335 1787 1377 acerrimum

247 1394 401 1436 veteris
430 1393 648 1449 religionis
680 1395 1038 1448 propugnatorem
1070 1393 1197 1434 fuisse
1228 1392 1526 1447 intelleximus,
1557 1395 1611 1435 ab
1641 1394 1786 1436 eadem

246 1468 291 1494 re
331 1467 417 1494 non
454 1451 776 1504 abhorruerit2).
847 1451 1071 1492 Praeterea
1107 1449 1205 1505 quo*
1242 1450 1497 1493 adulationis
1538 1453 1785 1507 panegyrici

246 1512 473 1566 scriptores
514 1510 588 1552 illo
628 1515 819 1565 tempore
859 1509 1153 1563 processerint,
1206 1509 1556 1553 manifestissime
1588 1511 1788 1553 describit

246 1569 604 1625 Eyssenhardtius
645 1569 710 1609 his
752 1568 838 1608 fere
871 1567 1069 1621 verbis³):
1116 1568 1272 1622 «pestis
1315 1582 1364 1609 ac
1406 1569 1613 1621 pernicies
1656 1569 1784 1611 videri

248 1629 403 1670 debent
433 1627 680 1682 panegyrici
703 1626 859 1668 Latini.
922 1626 1085 1667 Horum
1117 1626 1228 1667 enim
1260 1626 1478 1667 hominum
1500 1630 1622 1669 tanta
1653 1628 1781 1669 estin

247 1686 458 1728 adulando
490 1685 766 1738 impudentia,
801 1684 900 1725 talis
932 1685 975 1724 in
1007 1684 1247 1725 mentiendo
1288 1683 1531 1734 effrenatio,
1574 1688 1621 1726 ut
1660 1685 1783 1727 hodie

244 1745 315 1786 vix
359 1745 581 1800 quisquam
622 1743 851 1798 imaginem
887 1742 1069 1784 hominis
1119 1741 1295 1783 alicuius
1327 1742 1585 1797 cogitatione
1626 1743 1784 1800 fingere

243 1804 324 1846 sibi
354 1803 502 1859 possit,
534 1802 607 1857 qui
638 1802 765 1843 talem
788 1802 1022 1844 orationem
1054 1816 1193 1843 coram
1214 1801 1469 1856 imperatore
1498 1803 1587 1843 sine
1608 1803 1782 1857 pudore,

243 1863 333 1904 sine
365 1862 449 1903 oris
482 1860 727 1902 confusione
758 1859 964 1901 habuerit.
1026 1859 1105 1900 Est
1137 1859 1244 1901 enim
1286 1859 1389 1901 haec
1427 1860 1614 1902 adulatio
1655 1862 1780 1916 plane

243 1920 471 1977 singularis
531 1923 573 1961 et
632 1919 740 1961 sicut
801 1919 845 1959 in
908 1918 1099 1960 Romano
1173 1918 1350 1972 imperio
1417 1919 1558 1961 omnia
1628 1934 1783 1975 magna

243 1984 366 2021 erant
398 1983 441 2020 et
471 1978 662 2032 grandia,
690 1978 753 2017 ita
783 1981 825 2017 et
845 1978 938 2030 ipsa
969 1980 1087 2017 vasta
1110 1977 1387 2030 immanisque
1419 1980 1462 2017 et
1492 1993 1517 2018 a
1542 1978 1780 2032 vulgaribus

241 2038 461 2081 hominum
514 2036 814 2078 blandimentis
868 2034 1113 2090 longissime
1164 2037 1348 2077 remota:
1411 2050 1493 2077 non
1554 2036 1781 2079 adulantur

242 2098 436 2139 modesta
472 2096 547 2136 illa
586 2099 628 2135 et
675 2095 796 2148 quasi
840 2095 1023 2134 humana
1063 2094 1252 2143 ratione,
1307 2094 1377 2134 sed
1425 2099 1649 2148 conspecto
1701 2096 1780 2136 im·

241 2159 435 2212 peratore
489 2152 629 2196 subito
687 2152 806 2208 quasi
858 2152 901 2193 in
945 2152 1107 2194 coelum
1158 2151 1322 2206 abrepti
1361 2152 1661 2196 homunculum
1706 2168 1777 2196 ex-

242 2216 440 2256 adversus
472 2228 515 2253 se
546 2216 728 2253 stantem
746 2216 962 2264 tamquam
986 2213 1247 2265 praesentem
1280 2211 1399 2251 deum
1422 2212 1532 2252 votis
1564 2212 1779 2266 precibus-

242 2286 322 2328 que
354 2271 575 2313 adorant».
638 2269 752 2319 Quae
776 2268 950 2310 crimina
983 2269 1108 2318 iusta,
1140 2267 1339 2323 religioni
1361 2267 1623 2312 Christianae
1654 2270 1779 2325 plane

241 2330 478 2378 contraria,
541 2344 634 2371 cum
685 2328 826 2369 omnia
877 2328 962 2368 fere
1013 2327 1168 2368 cadant
1216 2327 1259 2367 in
1312 2328 1492 2368 Ausonii
1542 2329 1779 2383 gratiarum

241 2387 518 2444 actionem⁴)‚
550 2388 703 2429 iterum
743 2386 929 2427 videmus
973 2385 1241 2427 verisimilius
1285 2399 1373 2426 esse
1403 2383 1524 2428 illum
1573 2385 1779 2429 Christia-

336 2563 361 2605 ¹)
386 2562 473 2598 hist.
499 2562 576 2597 litt.
601 2562 681 2597 Lat.
707 2562 728 2604 ξ
752 2562 830 2596 414.
858 2560 939 2596 4.11.

335 2611 361 2654 ¹)
388 2609 505 2663 Epist.
520 2608 564 2651 X,
590 2609 653 2650 71;
679 2607 717 2643 in
743 2607 916 2653 eligendo
927 2605 1101 2652 episcopo
1126 2605 1188 2642 dei
1211 2605 1478 2652 omnipotentis
1504 2606 1774 2652 expectandum

242 2670 321 2695 esse
347 2657 538 2693 iudicium.

333 2704 361 2748 ³)
386 2703 565 2740 lectiones
590 2702 849 2755 panegyricas.
900 2702 1007 2753 Prog.
1033 2700 1155 2753 Berol5
1182 2702 1310 2753 1867..
1333 2712 1427 2782 pagi
1449 2701 1465 2734 1
1495 2712 1549 2753 sq.
1637 2747 1645 2754 ·
1796 2735 1805 2739 ,

333 2750 360 2794 ⁴)
387 2761 473 2796 pag.
499 2750 566 2785 285
592 2748 649 2786 ed.
675 2748 757 2793 B1p.
785 2747 905 2782 «Ades
931 2758 1030 2782 emm
1055 2747 1227 2783 omnibus
1241 2746 1342 2783 locis.
1429 2757 1471 2782 ec
1494 2757 1571 2782 iam
1596 2757 1774 2788 miramur

236 2799 429 2835 licentiam
455 2799 662 2842 poetarum,
687 2797 753 2839 qui
777 2794 903 2830 omnia
920 2794 997 2829 Deo
1022 2795 1136 2838 plena
1160 2793 1323 2829 dixerint
1336 2808 1345 2835 ς
1371 2794 1440 2828 290
1464 2793 1518 2830 sic
1542 2794 1683 2829 amicus
1695 2794 1772 2829 Deo

235 2857 286 2887 es,
312 2847 355 2880 ut
380 2855 402 2879 a
426 2846 464 2879 te
491 2843 566 2878 iam
592 2842 837 2887 impetratum
863 2841 924 2882 sit,
949 2840 1047 2884 quod
1073 2842 1244 2885 optatur:
1270 2851 1293 2875 a
1317 2850 1389 2884 quo
1415 2842 1454 2876 et
1487 2839 1586 2885 quod
1609 2840 1772 2880 nondum

237 2895 423 2942 optamus,
449 2889 692 2936 adipiscimur
719 2891 788 2924 etc.
