1966 3192
984 110 1040 154 22

249 240 403 282 simum
443 243 583 283 aetate
622 240 780 283 relictis
830 237 1000 296 operam
1043 246 1250 285 nava-ntes
1292 256 1401 286 novo
1452 242 1574 299 quasi
1604 237 1784 284 'lumine

248 303 447 353 poemata
467 314 542 342 sua
570 298 784 342 illustrare
805 300 1036 350 studerent,
1058 304 1202 343 tamen
1223 298 1306 357 ipsi
1329 302 1444 354 vitia,
1474 302 1624 357 quibus
1644 304 1785 344 totum

248 358 357 399 illud
388 358 602 401 saeculum
632 358 836 401 infectum
867 362 970 410 erat,
1003 359 1136 402 vitare
1167 374 1253 402 non
1275 363 1506 416 potuerunt
1535 357 1783 415 tantumque
1817 405 1823 411 ,

249 416 370 467 afuit,
415 420 464 459 ut
504 417 635 459 animi
674 430 818 459 eorum
849 418 1045 473 operibus
1086 418 1256 460 illorum
1286 422 1508 474 poetarum
1535 418 1786 461 inflammati

250 476 450 517 maiorem
481 476 684 529 impetum
715 480 943 529 sumerent,
989 479 1038 518 ut
1068 476 1152 530 ipsi
1182 477 1399 519 imitantes
1430 481 1473 519 et
1504 476 1785 519 describentes

252 533 471 575 verborum
504 537 546 576 et
576 533 873 589 rhythmorum
902 534 1180 576 similitudine
1211 535 1340 577 etiam
1370 536 1586 592 ingenium
1616 533 1786 577 illorum

251 607 295 634 se
337 595 591 648 aequaturos
643 607 734 644 esse
776 596 994 648 sperarent
1044 596 1087 635 et
1127 593 1319 649 quamvis
1360 595 1546 646 eleganti
1595 606 1785 636 sermone

249 651 437 705 inopiam
468 652 774 693 sententiarum
807 652 1015 693 occultare
1047 652 1116 693 vix
1146 657 1333 706 possent.
1395 653 1556 697 Deinde
1595 666 1692 695 raro
1734 652 1787 694 ad

230 710 409 751 .maiora
455 723 584 763 opera
626 710 793 764 poetica
832 710 1087 765 perficienda
1134 711 1323 766 aggressi
1365 711 1608 766 saepissime
1655 724 1787 766 parva

252 768 439 809 carmina
486 768 539 809 ad
583 768 785 823 quasdam
828 769 1067 811 occasiones
1108 773 1209 823 apta
1250 772 1587 823 composuerunt,
1634 766 1787 824 quibus

250 826 540 880 imperatores,
574 830 794 882 cognatos,
827 828 996 877 amicos,
1031 827 1214 883 collegas
1247 827 1522 878 celebrarent,
1555 841 1682 883 opera
1712 841 1788 869 sua

250 884 612 937 commendarent,
665 899 731 927 res
782 885 968 941 undique
1017 886 1173 941 petitas
1215 890 1508 929 enumerarent
1550 889 1676 941 atque
1716 899 1787 928 ex-

250 944 511 998 ponerent¹).
885 978 889 983 .

366 1002 525 1052 Quodsi
545 1001 733 1044 videmus
755 1002 1045 1058 iamAugusti
1066 1003 1337 1059 imperatoris
1358 1004 1618 1058 temporibus
1639 1004 1787 1059 poetas

251 1061 502 1103 clarissimos
533 1064 577 1103 et
608 1064 698 1103 arte
729 1062 907 1104 maxime
934 1062 1136 1117 insignes,
1170 1063 1278 1104 sicut
1309 1062 1518 1111 Ovidium,
1551 1077 1636 1104 non
1667 1061 1788 1104 'dubi-

250 1124 364 1162 tasse
395 1135 445 1162 ex
477 1120 673 1174 operibus
706 1120 880 1162 aliorum
903 1123 1122 1175 poetarum
1145 1122 1208 1162 vel
1241 1121 1427 1175 priorum
1460 1121 1526 1162 vel
1548 1120 1788 1175 aequalium

251 1178 336 1220 levi
356 1179 592 1220 mutatione
614 1178 728 1220 facta
748 1179 814 1221 vel
837 1180 990 1221 omissa
1022 1184 1064 1221 et
1085 1182 1339 1234 argumenta
1370 1182 1413 1221 et
1435 1193 1576 1221 versus
1597 1179 1788 1235 integros

253 1241 296 1279 et
328 1238 527 1280 vocabula
559 1237 774 1279 desumere
805 1244 932 1292 atque
963 1238 1188 1292 imitari²);
1226 1238 1376 1279 deinde
1408 1239 1443 1279 si
1473 1238 1582 1280 idem
1614 1238 1667 1279 ab
1699 1252 1789 1279 om-

254 1296 378 1337 nibus
409 1297 496 1338 fere
527 1296 664 1351 poetis
695 1295 861 1337 Latinis
892 1296 1049 1338 factum
1082 1311 1170 1338 esse
1201 1296 1500 1351 intellegimus,
1523 1297 1621 1352 quia
1641 1297 1790 1352 lingua

253 1355 408 1397 Latina
438 1370 463 1396 a
493 1358 628 1396 metro
660 1355 726 1396 vel
757 1355 999 1396 hexametro
1032 1355 1239 1409 dactylico
1269 1355 1394 1397 nimis
1427 1354 1671 1397 abhorruit:
1704 1369 1789 1397 non

253 1414 407 1456 mirum
445 1416 523 1464 est,
575 1413 687 1468 quod
728 1413 809 1455 hoc
850 1419 1001 1468 quarto
1032 1414 1198 1456 saeculo
1228 1413 1426 1456 imitandi
1457 1416 1500 1456 et
1529 1412 1790 1456 describendi

254 1473 439 1514 studium
480 1487 611 1527 usque
658 1472 711 1514 ad
742 1472 938 1514 ultimum
984 1473 1123 1525 finem,
1173 1476 1395 1514 centonem
1426 1472 1532 1523 dico,
1573 1472 1789 1527 processit.

253 1532 477 1574 Praeterea
517 1531 630 1573 enim
670 1531 752 1573 hoc
802 1535 990 1586 tempore
1041 1535 1084 1573 et
1127 1531 1454 1586 pulcherrimum
1495 1531 1711 1582 habitum,
1754 1531 1791 1573 si

255 1591 349 1645 quis
380 1593 577 1645 poemata
607 1604 682 1630 sua
713 1589 889 1631 aliorum
909 1590 1092 1632 flosculis
1125 1604 1248 1643 quam
1280 1590 1458 1631 maxime
1479 1590 1684 1632 coloravit
1714 1604 1791 1631 nec

255 1652 347 1690 tota
377 1648 560 1690 eruditio
592 1661 640 1690 ac
670 1648 897 1703 disciplina
928 1648 1043 1689 aliud
1074 1648 1304 1702 quidquam
1335 1650 1497 1689 sectata
1528 1650 1605 1698 est,
1638 1648 1721 1689 nisi
1741 1652 1791 1689 ut

256 1708 449 1757 iuvenes,
488 1707 561 1761 qui
600 1706 923 1757 erudiebantur,
964 1720 1227 1761 summopere
1271 1706 1323 1747 ad
1360 1706 1469 1748 hanc
1510 1706 1791 1748 imitationem

256 1766 396 1808 idonei
427 1768 588 1816 essent,
626 1779 751 1820 quam
789 1764 843 1806 ob
879 1779 969 1807 rem
1006 1764 1308 1820 pulcherrimos
1352 1767 1540 1807 veterum
1571 1769 1792 1820 poetarum

257 1825 369 1868 locos
400 1824 626 1866 memoriae
657 1824 833 1879 infigere
865 1827 908 1866 et
939 1838 1069 1879 usque
1101 1824 1333 1866 declamare
1364 1821 1654 1877 debuerunt3).

373 1883 559 1933 Quarum
589 1897 727 1924 rerum
758 1882 1111 1924 luculentissimus
1141 1882 1263 1924 testis
1294 1886 1358 1923 est
1386 1882 1611 1933 Ausonius,
1654 1896 1789 1938 quem,

258 1942 449 1998 quamvis
481 1942 534 1984 ab
564 1941 808 1996 aequalibus
841 1945 884 1984 et
914 1941 1240 1997 imperatoribus
1263 1944 1305 1983 et
1336 1941 1480 1984 amicis
1500 1941 1698 1983 laudatus
1724 1941 1792 1993 sit,

257 2001 449 2056 quamvis
491 2000 688 2056 operibus
726 2000 916 2055 priorum
946 2003 1167 2056 poetarum
1199 2000 1431 2052 studuerit,
1474 1999 1664 2055 quamvis
1704 2000 1791 2043 fere

257 2075 401 2102 omnes
432 2060 625 2114 aequales
655 2059 828 2114 ingenio
859 2062 903 2100 et
934 2059 1127 2100 doctrina
1158 2059 1430 2113 superaverit,
1480 2062 1636 2109 tamen,
1683 2059 1795 2116 quod

258 2119 413 2161 attinet
435 2118 487 2160 ad
508 2118 710 2161 virtutem
730 2117 954 2174 poeticam,
976 2117 1297 2160 versificatorem
1318 2117 1454 2173 magis
1479 2132 1605 2172 quam
1625 2119 1794 2173 poetam

259 2193 348 2219 esse
396 2177 519 2218 nobis
566 2177 857 2227 ,confitendum
906 2179 981 2218 est.
1055 2176 1166 2218 Nam
1216 2176 1345 2217 etiam
1390 2176 1663 2230 pulcherrimi
1713 2177 1795 2218 loci

259 2235 472 2286 Mosellae,
505 2234 619 2291 qnod
649 2234 830 2290 Idyllion
850 2234 1030 2277 maxime
1050 2249 1167 2277 more
1198 2234 1317 2290 epico
1343 2234 1580 2290 composuit
1601 2234 1794 2292 quodque

260 2295 672 2350 praestantissimum
714 2296 865 2348 poetae
899 2294 1032 2336 nostri
1065 2308 1170 2350 opus
1201 2293 1397 2344 habetur,
1429 2293 1590 2348 frigent
1620 2297 1664 2335 et
1708 2294 1795 2335 fere

260 2353 456 2396 omnibus
489 2352 744 2396 carminibus
775 2351 990 2394 Ausonius
1020 2352 1174 2408 prioris
1205 2352 1357 2394 aetatis
1387 2355 1536 2407 poetas
1568 2354 1794 2408 tantopere

258 2413 449 2454 imitatus
480 2415 544 2454 est
573 2412 640 2454 vel
671 2426 813 2453 versus
844 2426 988 2454 eorum
1019 2411 1254 2466 descripsit,
1307 2414 1368 2464 ut,
1412 2411 1448 2452 si
1479 2411 1617 2452 aliena
1656 2412 1797 2454 omnia

260 2471 517 2514 carminibus
558 2471 645 2513 eius
682 2473 994 2522 resecarentur,
1037 2470 1109 2513 vix
1151 2469 1364 2525 dimidiam
1403 2471 1567 2526 partem
1613 2469 1797 2526 relinqui

260 2545 463 2574 cerneres

357 2695 367 2715 ι
750 2693 772 2700 ..

306 2790 312 2796 Π
353 2696 382 2786 ἢ)
404 2695 599 2794 Ζοίξιεέἷῗὲῗ
610 2695 869 2777 (ᾗιίιῗίοῗιῖιέθὶη
894 2739 1118 2777 ver-haltniss
1143 2753 1186 2776 zu
1210 2742 1281 2776 den
1296 2744 1530 2786 vorgangern
1554 2739 1631 2775 und
1657 2737 1797 2785 gleich-

259 2789 652 2927 Zsstlffigpssicmldgeffic
676 2788 1125 2881 dilgggdiltclkaigggannus
1151 2834 1199 2878 (v.
1225 2835 1405 2870 Raumers
1430 2833 1516 2870 hist.
1541 2832 1795 2870 taschenbuch

315 2909 324 2919 ·
435 2894 521 2928 1³³·ss-
618 2893 699 2927 sqq·
