1966 3192
970 103 1025 146 10
1698 127 1716 137 .

227 233 347 275 valde
390 237 614 288 provectos
653 248 675 275 e
714 233 804 276 vita
846 233 1083 285 decessisse,
1132 249 1225 276 cum
1277 234 1389 276 filins
1437 235 1520 277 iam
1561 233 1613 275 ad
1650 236 1769 276 sacra

227 291 470 334 Christiana
493 292 764 349 confugisset.
827 292 977 349 Itaque
999 293 1035 335 si
1064 293 1269 336 Paulinus
1291 293 1491 350 obsequia
1521 292 1769 349 parentibus

228 351 440 393 celebrare
484 352 633 401 voluit,
675 357 791 394 more
842 353 1013 395 ethnico
1054 353 1227 395 omnino
1270 368 1357 395 non
1398 352 1554 409 potuit,
1606 352 1678 394 sed
1719 367 1767 394 eo

228 424 343 452 more
376 410 534 465 debuit,
567 411 639 465 qui
658 411 710 452 ad
742 426 861 453 suam
883 412 1130 468 religionem
1154 420 1279 467 aptus
1310 416 1433 467 esset,
1467 412 1553 454 sive
1574 414 1770 467 parentes

227 485 361 524 usque
393 470 444 511 ad
476 472 655 512 mortem
686 471 883 525 religioni
915 472 1048 513 veteri
1080 470 1319 513 adhaesisse
1351 471 1437 513 sive
1471 475 1569 513 ante
1590 473 1770 513 mortem

228 528 493 570 Christianos
551 529 636 570 iam
686 529 825 574 factos
876 544 966 572 esse
1026 530 1247 572 credimuss
1328 529 1553 573 Praeterea
1604 529 1770 572 etiamsi

227 588 505 643 posteriorem
544 588 656 630 hanc
700 590 957 631 sententiam
997 589 1249 645 probamUS,
1295 589 1401 631 nihil
1444 590 1558 631 aliud
1602 592 1770 632 constat

227 647 309 687 nisi
350 650 548 701 parentes
592 648 772 689 fortasse
814 649 1005 704 exemplo
1050 652 1094 690 et
1136 648 1391 690 auctoritate
1441 648 1519 690 filii
1558 647 1612 689 ad
1651 662 1770 690 sacra

228 705 471 747 Christiana
515 721 604 747 esse
645 707 877 757 adduct0s3
921 707 1038 749 nullo
1080 711 1219 748 autem
1260 706 1383 748 modo
1414 721 1491 761 pro
1523 709 1638 748 certo
1669 711 1769 748 con-

226 765 394 806 firmare
424 779 645 819 possumus
678 765 847 807 Paulini
886 769 1085 821 parentes
1115 766 1208 808 ,iam
1241 779 1353 807 anno
1386 765 1470 807 353
1503 765 1766 807 Christianos

226 823 357 865 fuisse
402 828 445 865 et
482 824 616 866 filium
664 824 716 866 ab
763 824 815 866 iis
857 825 967 867 hanc
1008 825 1256 880 religionem
1300 824 1544 880 suscepisse.
1607 823 1767 866 Scimus

226 883 338 924 enim
378 882 602 925 Paulinum
648 883 945 939 philosophiae
994 898 1199 926 summam
1240 898 1411 939 operam
1462 881 1680 939 navasse¹)
1726 886 1768 925 et

225 944 374 997 postea
418 942 598 994 demum,
651 958 745 984 cum
789 944 983 985 omnibus
1030 944 1236 985 doctrinis
1277 942 1569 998 philosophiae
1612 942 1650 984 ei
1680 956 1767 984 non

225 1000 490 1043 satisfactum
523 1005 644 1052 esset,
687 1002 739 1043 ad
782 1002 907 1044 fidem
951 1001 1235 1044 Christianam
1267 1016 1309 1043 se
1341 1001 1614 1043 convertisse.
1675 1000 1767 1051 Quo

225 1067 415 1115 tempore
438 1058 639 1102 Paulinus
662 1061 715 1102 ab
727 1061 929 1112 Ausonio,
954 1076 1035 1116 quo
1057 1062 1140 1103 iam
1163 1064 1340 1116 paterno
1363 1061 1495 1102 amico
1511 1058 1765 1114 utebatur²)‚

225 1120 455 1160 docebatur
487 1123 529 1161 et
561 1120 830 1169 educabatur,
864 1125 979 1162 certo
1012 1120 1063 1161 ad
1095 1120 1343 1175 religionem
1376 1119 1659 1168 Christianam
1681 1133 1766 1160 11011

225 1182 471 1221 accesserat.
534 1178 634 1221 Mox
677 1183 928 1234 praeceptor
970 1182 1011 1221 et
1052 1179 1295 1234 discipulus,
1348 1179 1538 1233 quamvis
1580 1178 1766 1233 dispares

226 1241 367 1279 essent
409 1241 561 1283 aetate.
605 1239 818 1280 artissimo
860 1239 1015 1280 amoris
1055 1238 1222 1280 vinculo
1263 1239 1534 1286 tenebantur,
1580 1238 1691 1291 quod
1723 1237 1765 1278 in

226 1297 313 1338 dies
346 1297 505 1338 firmius
537 1297 685 1345 fiebat,
728 1312 822 1339 cum
853 1297 1055 1339 Paulinus
1096 1297 1291 1339 omnibus
1322 1296 1501 1338 Ausonii
1530 1297 1767 1351 praeceptis

225 1359 267 1397 et
298 1356 502 1397 doctrinis
534 1356 784 1398 excellentes
816 1356 979 1410 ingenii
1021 1356 1244 1397 facultates
1277 1355 1448 1396 offerret
1479 1357 1522 1396 et
1553 1355 1767 1409 elegantia

227 1429 420 1456 versuum
453 1416 580 1468 atque
611 1415 816 1456 sermonis
838 1417 1155 1469 praeceptorem
1177 1429 1221 1455 se
1244 1429 1341 1455 mox
1371 1416 1646 1468 aequaturum
1678 1428 1765 1454 esse

224 1473 445 1528 perspicue
468 1474 649 1514 doceret.
712 1472 861 1527 Neque
894 1474 997 1515 haec
1019 1474 1206 1515 amicitia
1228 1473 1409 1527 languit,
1441 1487 1534 1513 cum
1555 1472 1766 1514 Ausonius

225 1532 278 1573 ad
290 1531 542 1574 Gratianum
564 1532 825 1573 educandum
849 1532 1185 1573 aValentiniano
1200 1535 1457 1581 evocaretur,
1470 1530 1543 1572 sed
1558 1545 1669 1572 anno
1681 1531 1765 1572 378

223 1591 451 1642 Ausonius,
484 1594 646 1645 quanta
663 1591 859 1633 Gratiani
880 1591 1022 1645 gratia
1054 1606 1153 1632 usus
1184 1595 1260 1640 est,
1295 1590 1474 1632 maximo
1496 1605 1591 1632 011111
1611 1590 1765 1645 gaudio

224 1664 300 1691 suo
313 1650 570 1704 impetravit,
595 1652 641 1691 ut
651 1649 854 1691 Paulinus
867 1650 1038 1692 Valenti
1055 1650 1302 1703 imperatori
1324 1645 1657 1691 mortuo'eonsul
1679 1649 1766 1690 suf-

223 1709 418 1750 ficeretur
426 1707 472 1762 3).
492 1708 700 1750 Gratiano
712 1711 879 1751 mortuo
891 1723 985 1750 cum
998 1708 1201 1750 Paulinus
1213 1709 1337 1750 villae
1351 1708 1528 1749 Ausonii
1539 1707 1766 1749 finitimam

222 1768 439 1817 incoleret,
462 1768 752 1809 suavissimum
770 1769 927 1809 interse
943 1768 1158 1808 habebant
1185 1767 1500 1808 commercium:
1535 1767 1646 1807 dona
1667 1765 1766 1807 mit-

222 1826 386 1877 tebant,
400 1828 598 1882 poemata
609 1826 862 1868 dedicabant
882 1826 1144 1880 invicemque
1166 1825 1415 1880 corrigenda
1432 1825 1649 1874 curabant,
1675 1838 1766 1866 sae-

224 1886 395 1940 pissime
416 1883 780 1938 conveniebant4).
843 1884 954 1926 Nam
968 1884 1172 1925 Paulinus
1193 1898 1448 1938 quamquam
1471 1885 1514 1925 in
1548 1898 1765 1924 numerum

224 1943 617 1985 catechumenorum
640 1946 833 1997 receptus
855 1942 1100 1984 Therasiam
1122 1957 1294 1983 uxorem
1318 1941 1487 1984 Christo
1510 1941 1693 1983 deditam
1720 1941 1763 1982 in

223 2002 541 2044 matrimonium
573 2002 761 2052 duxerat,
806 2005 961 2048 tamen,
1004 2016 1098 2043 cum
1139 2002 1237 2042 inde
1278 2017 1301 2042 a
1332 2015 1462 2056 puero
1506 2000 1642 2042 nobili
1672 2001 1764 2042 loco

223 2062 362 2102 vivere
405 2060 693 2102 consuevisset
732 2076 907 2115 cumque
949 2060 1256 2102 sententiarum
1299 2063 1426 2115 atque
1474 2060 1763 2115 voluptatum,

223 2120 376 2175 quibus
397 2118 651 2162 nobilissimi
672 2120 832 2161 ethnici
854 2120 1093 2170 utebantur,
1117 2119 1252 2161 socius
1275 2117 1481 2171 fuisset5),
1500 2133 1584 2160 non
1602 2118 1764 2169 habuit,

222 2194 296 2221 cur
329 2194 352 2220 a
384 2183 657 2233 praeceptore
690 2179 964 2219 dilectissimo
988 2179 1313 2227 abalienaretur,
1338 2178 1410 2231 qui
1441 2177 1570 2218 etiam
1602 2191 1765 2218 morum

222 2237 474 2293 integritate
496 2237 694 2305 vitaeque
714 2237 940 2279 honestate
963 2237 1183 2279 excelleret
1205 2240 1248 2278 et
1268 2236 1461 2291 religioni
1486 2235 1765 2286 Christianae,

222 2311 476 2352 quamquam
508 2311 595 2337 11011
626 2296 718 2350 ipse
740 2311 831 2337 eam
862 2296 1156 2361 profitebatur,
1178 2299 1322 2336 tamen
1354 2295 1465 2335 haud
1495 2295 1556 2335 ita
1587 2293 1766 2335 infestus

222 2359 345 2397 esset.
406 2355 540 2396 Immo
573 2369 670 2396 vero
693 2354 908 2405 Paulinus,
942 2358 990 2395 ut
1020 2354 1111 2410 ipse
1143 2354 1331 2409 pluribus
1353 2353 1456 2395 locis
1484 2350 1763 2421 confitetur6),

222 2415 411 2457 Ausonio
453 2418 496 2456 et
527 2414 809 2456 eruditionem
850 2417 892 2455 et
924 2414 1155 2469 dignitates
1196 2413 1375 2455 debebat
1415 2413 1613 2467 omnique
1643 2412 1765 2453 modo

320 2603 346 2645 ¹)
371 2603 479 2655 Buse,
505 2602 530 2636 1.
556 2601 582 2636 l.
608 2601 636 2635 I.
662 2612 748 2646 pag.
776 2601 820 2636 74
846 2613 899 2644 sq.

318 2648 346 2736 {i
370 2648 518 2732 ἓξὲξ
543 2648 572 2730 it]
596 2660 684 2741 {³12}
709 2648 883 2730 {ge—61.

318 2743 345 2787 4)
372 2743 423 2780 Cf.
449 2744 557 2784 Buse,
584 2742 608 2777 1.
634 2743 658 2778 l.
686 2743 714 2777 Ι.
740 2754 826 2788 pag.
856 2743 933 2777 121.

318 2791 346 2835 ⁵)
371 2791 475 2826 Idem
501 2790 528 2825 1.
555 2802 642 2836 pag.
670 2791 747 2826 127.

317 2838 343 2881 ⁶)
371 2837 559 2882 Imprimis
578 2836 791 2872 conferendi
817 2838 903 2871 sunt
919 2836 1067 2871 Paulini
1093 2848 1205 2871 carm.
1220 2836 1263 2870 X.
1280 2847 1406 2870 versus
1433 2836 1477 2870 93
1504 2837 1541 2870 et
1567 2836 1764 2879 sequentes

222 2885 364 2932 (Migne
389 2883 606 2930 Patrologie
630 2883 741 2928 LXI.)
