1966 3192
990 105 1016 146 8

220 237 265 278 id
295 237 408 291 qnod
439 235 648 286 nonnulli,
670 235 793 276 inter
835 247 940 288 quos
972 233 1266 276 Souchaeum
1254 234 1503 283 invenimus,
1526 232 1770 276 faciendum

221 252 441 351 patirum,
458 294 584 349 plane
605 292 827 335 ridiculum
858 294 936 346 est,
968 306 1063 335 cum
1094 291 1127 334 ii
1159 291 1254 347 ipsi,
1287 291 1360 348 qui
1382 290 1615 335 Ausonium
1635 289 1766 334 sacris

220 353 440 409 religionis
471 351 736 394 Christianae
768 350 981 393 addietum
1012 350 1141 392 fuisse
1184 351 1450 401 confirmant,
1498 346 1767 393 consentiant

222 427 317 455 eum
348 411 473 454 huius
504 409 722 466 religionis
754 408 927 451 minime
958 411 1150 451 tenacem
1182 398 1324 461 fuisse,
1356 408 1428 452 sed
1448 408 1691 466 saepissime
1720 407 1766 451 in

222 470 456 514 sententias
473 469 665 511 ethnicas
687 466 940 522 recidisse1).
1001 468 1152 522 Itaque
1169 468 1338 510 etiamsi
1351 468 1564 512 Ausonius
1586 467 1767 511 Christi-

223 544 329 572 anus
359 529 522 579 fuisset,
574 529 718 569 tamen
750 526 1005 569 Gratianum
1034 526 1110 568 illa
1162 526 1322 582 pietate
1374 525 1616 570 Christiana
1656 540 1767 569 nun-

224 603 351 644 qnam
390 587 579 629 imbuere
621 585 843 641 potuisset.
905 584 1069 627 Deinde
1111 585 1224 640 quod
1272 584 1500 628 Gratianus
1531 585 1766 628 Ausonium

224 647 396 689 summis
427 644 659 687 honoribus
704 648 748 686 et
788 644 893 686 adeo
925 644 1148 685 consulatu
1181 644 1362 694 ornavit,
1406 648 1456 686 ut
1486 644 1766 699 praeceptori,

225 720 350 760 quem
379 706 556 760 propter
586 703 806 758 ingenium
838 704 882 744 et
912 716 1048 744 mores
1081 702 1253 757 plurimi
1290 702 1530 744 aestimavit
1560 715 1767 757 quemque

224 764 434 806 honorum
475 761 764 804 avidissimum
809 775 898 803 esse
945 775 1030 802 nou
1074 760 1304 816 ignoravit,
1350 760 1533 815 gratiam
1578 760 1766 811 referret,

225 837 312 865 non
333 821 483 864 mirum
516 823 580 863 est
601 834 735 875 neque
757 819 843 862 ullo
867 819 991 862 modo
1014 819 1067 861 ad
1088 818 1337 875 religionem
1361 819 1538 866 Ausonii
1565 818 1765 875 pertinet,

226 896 319 924 cnm
341 880 594 922 Gratianum
616 879 783 921 eosdem
805 878 893 920 fere
915 878 1098 920 honores
1130 878 1259 920 etiam
1285 877 1394 928 aliis,
1427 877 1581 933 quibus
1611 875 1768 920 nullius

225 940 286 981 rei
317 938 501 994 gratiam
522 937 673 979 habuit
709 951 898 992 quosque
929 936 1121 978 ethnicos
1164 936 1293 993 fuisse
1344 936 1548 978 traditum
1582 939 1658 986 est,
1690 936 1770 978 tri-

225 997 366 1040 buisse
382 994 605 1050 co.nstet¹)
638 995 864 1037 Praeterea
881 994 1124 1045 Gratianus,
1158 995 1273 1037 cuius
1304 995 1615 1050 indulgentiam
1631 994 1769 1037 Auso-

227 1057 323 1098 nius
369 1055 461 1122 ipse
482 1053 753 1111 praedicat-⁹0,
787 1053 948 1110 primis,
996 1053 1147 1109 quibus
1178 1053 1400 1121 imperium
1450 1053 1590 1096 tenuit
1632 1053 1768 1105 annis,

227 1114 364 1170 magis
395 1114 440 1156 in
473 1128 545 1156 eos
568 1113 831 1156 Christianos
853 1113 1045 1154 invectus
1076 1115 1153 1162 est,
1181 1113 1255 1167 qui
1276 1112 1512 1167 symbolum
1533 1087 1769 1155 Nicaenuni

228 1173 439 1229 suscipere
469 1170 725 1227 nolebant4),
775 1185 902 1226 quam
949 1171 994 1213 in
1025 1171 1218 1213 ethnicos
1251 1171 1379 1227 ipsos,
1425 1171 1576 1226 quibus
1618 1171 1770 1214 summi

226 1233 409 1275 honores
441 1234 570 1286 atque
591 1230 867 1285 magistratus
889 1244 1055 1285 semper
1076 1227 1338 1285 patebant5),
1371 1230 1594 1272 dummodo
1625 1244 1679 1272 ne
1705 1245 1767 1280 ea,

230 1305 337 1346 quae
378 1290 609 1345 imperator
660 1290 819 1331 fecerat
861 1288 927 1329 ve'l
977 1288 1069 1330 fieri
1109 1288 1303 1339 iusserat,
1351 1288 1612 1331 sermonibus
1658 1289 1768 1331 vitu-

227 1351 440 1405 perarent.
501 1347 651 1402 Itaque
681 1347 717 1389 si
747 1346 968 1389 nobiscum
1010 1349 1257 1403 reputamus
1298 1350 1464 1389 tantum
1505 1346 1681 1399 afuisse,
1721 1351 1771 1391 ut

229 1407 455 1458 Ausonius,
487 1406 560 1462 qui
590 1406 729 1463 gratia
755 1406 1023 1461 imperatoris
1054 1405 1161 1447 nihil
1192 1406 1328 1461 magis
1360 1405 1642 1461 appetendum
1674 1421 1770 1449 cen-

230 1467 327 1517 suit,
361 1465 589 1521 quidquam
611 1468 761 1507 contra
781 1464 1030 1520 religionem
1051 1465 1321 1520 imperatoris
1345 1464 1513 1517 diceret,
1535 1468 1584 1507 ut
1604 1465 1771 1521 saepius

230 1526 357 1568 verba
388 1539 464 1566 sua
495 1524 547 1566 ad
578 1524 696 1566 illam
718 1524 1030 1566 accommodare
1052 1522 1305 1578 studeret⁶);
1338 1523 1486 1567 deinde
1517 1524 1552 1566 si
1575 1522 1771 1567 Gratiani

230 1584 521 1640 indulgentem
553 1586 596 1625 et
626 1583 772 1625 mitem
804 1583 987 1625 animum
1005 1583 1324 1639 litterarumque
1355 1597 1538 1626 amorem
1570 1584 1771 1626 memoria

230 1646 435 1692 tenemus,
450 1656 550 1683 num
563 1642 861 1697 imperatorem
877 1642 1099 1684 consulatu
1118 1643 1431 1697 praeceptorem
1454 1641 1770 1685 dilectissimum

231 1705 478 1744 ornaturum
499 1700 629 1743 fuisse
652 1699 914 1756 negabimus,
947 1700 984 1742 si
1014 1700 1086 1742 ille
1113 1700 1305 1743 ethnicus
1329 1701 1590 1743 exstitisset?
1620 1701 1769 1744 Paullo

231 1763 330 1815 post
361 1759 615 1802 Gratianum
646 1773 757 1800 anno
788 1759 872 1800 382
882 1757 915 1814 ⁷)
947 1758 1217 1801 interfectum
1250 1759 1511 1802 Theodosius
1540 1759 1771 1815 imperator

232 1817 470 1874 epistulam,
502 1831 610 1872 quae
632 1817 685 1859 ad
715 1818 905 1860 nostram
928 1817 1172 1859 memoriam
1194 1818 1400 1872 pervenit,
1432 1817 1620 1860 Ausonio
1642 1818 1769 1869 misit,

232 1892 316 1931 qua
336 1876 554 1931 ingenium
576 1875 664 1916 eius
687 1875 919 1916 admiratur
950 1879 1079 1929 atque
1111 1877 1165 1917 ab
1196 1890 1244 1917 eo
1275 1877 1386 1930 petit
1420 1891 1498 1918 «ne
1518 1891 1562 1918 se
1593 1877 1772 1931 scripto·

230 1950 324 1978 rum
364 1933 547 1977 lectione
586 1933 775 1976 fraudari
816 1933 1047 1989 patiatun»
1095 1949 1202 1989 quae
1225 1936 1384 1977 tamen
1426 1935 1478 1977 ad
1521 1934 1770 1991 religionem

231 1993 514 2037 Christianam
537 1992 716 2035 Ausonii
738 1992 1001 2049 probandam
1033 1993 1102 2035 vix
1133 1994 1483 2050 ullius-momenti
1505 1997 1582 2037 est.
1623 1994 1771 2050 Itaque

230 2055 278 2096 ut
308 2052 494 2095 breviter
542 2066 746 2094 summam
787 2051 911 2094 huius
942 2052 1077 2107 partis
1109 2053 1301 2108 opusculi
1331 2053 1466 2095 nostri
1498 2054 1772 2110 attingamus,

231 2111 454 2154 dicendum
505 2110 627 2152 nobis
678 2113 743 2152 est
792 2125 843 2153 ex
894 2125 943 2152 ea
984 2111 1198 2162 societate,
1251 2126 1375 2167 quam
1423 2112 1636 2154 Ausonius
1678 2126 1772 2154 cum

230 2169 555 2226 imperatoribus
604 2168 780 2219 habuit,
834 2169 1017 2211 divinari
1067 2184 1167 2211 sane
1217 2185 1348 2225 poss
1365 2185 1413 2220 e,
1475 2171 1548 2212 sed
1598 2170 1772 2213 minime

232 2234 495 2284 oportere
537 2226 774 2270 Ausonium
804 2228 1023 2283 religionis
1056 2228 1322 2270 Christianae
1352 2229 1586 2271 studiosum
1627 2229 1770 2272 fuisse.

349 2286 467 2329 Idem
497 2286 583 2328 fere
615 2286 806 2342 sequitur
837 2301 886 2328 ex
917 2285 1097 2328 Ausonii
1128 2301 1220 2330 cum
1242 2286 1493 2343 Symmacho
1525 2287 1635 2330 inita
1664 2287 1770 2330 ami-

232 2346 346 2397 citia,
380 2361 463 2401 qua
494 2345 661 2400 quidem
693 2346 745 2387 ad
778 2346 993 2388 ethnicam
1024 2346 1274 2402 religionem
1294 2346 1475 2389 Ausonii
1506 2347 1769 2402 probandam

329 2496 354 2540 ¹)
381 2497 578 2550 Boecking.
605 2508 691 2542 pag.
706 2497 750 2532 67
777 2498 846 2532 etc.
872 2495 924 2531 Cf.
939 2497 1199 2534 annotationes
1217 2497 1265 2534 ad
1278 2497 1476 2534 secundam
1501 2497 1610 2534 huius
1636 2497 1770 2534 disser-

232 2544 386 2582 tationis
413 2543 602 2589 paginam.

324 2592 352 2632 α)
379 2590 432 2626 cf.
460 2590 676 2636 dignitates,
715 2602 807 2635 quas
833 2590 1086 2635 Symmachus,
1113 2592 1387 2635 Praetextatus,
1424 2591 1491 2627 alii
1516 2591 1646 2637 adepti
1672 2593 1769 2627 sunt.

326 2637 351 2679 ⁸)
379 2637 591 2674 Gratiarum
617 2636 775 2674 actionis
801 2649 887 2684 pag.
915 2637 995 2674 286.
1023 2638 1110 2675 edit.
1136 2637 1207 2684 Bip
1209 2641 1286 2675 ont.

326 2684 354 2773 :3
379 2684 544 2766 ξὲοὴὺθῖ,
559 2685 636 2766 ldae
659 2687 854 2767 wes3t2r'275mi:
870 2684 973 2767 igqiclzh
997 2698 1083 2732 pag
1109 2650 1207 2729 326,p
1223 2687 1303 2722 367.

425 2742 482 2766 em
636 2743 659 2766 a
815 2742 835 2766 e

327 2777 355 2823 ⁶)
380 2743 734 2815 cf.dinser'ta¹1’;iog1iis
759 2780 910 2816 nostrae
934 2780 1045 2816 finem
1070 2778 1179 2816 huius
1206 2779 1351 2826 capitis.

233 2874 257 2909 z
283 2826 365 2909 δὲ.
380 2825 544 2910 ΒίοΙΙιΐΙῑῖτ,
586 2827 652 2863 das
677 2828 861 2862 westrem.
887 2826 998 2862 reich
1048 2839 1133 2872 pag.
1161 2829 1240 2862 574.
1302 2828 1409 2870 Buse,
1435 2826 1569 2863 Paulin
1607 2840 1642 2862 u.
1668 2827 1769 2863 seine

259 2872 294 2909 ei
390 2883 415 2919 p
