1966 3192
953 106 1009 149 23

331 233 413 277 Sed
442 249 694 290 quamquam
733 235 779 277 in
817 234 895 278 hac
925 226 981 278 re
1012 242 1272 292 summopere
1302 235 1528 277 cavendum
1568 239 1644 287 est,
1669 250 1737 290 ‘ne

144 324 150 330 .
214 293 390 336 nimium
430 292 646 348 probando
688 294 796 336 nihil
837 295 1015 349 probare
1058 294 1292 346 videamur,
1332 294 1430 351 quia
1469 309 1554 337 non
1594 310 1737 337 omnes

214 351 357 406 libros,
398 367 502 407 quos
544 352 755 394 Ausonius
792 353 881 407 ipse
919 355 1216 395 commemorat
1239 345 1322 394 ‘vel
1351 368 1455 408 quos
1487 352 1668 395 editores
1699 354 1736 395 ei

214 412 338 451 notos
368 410 494 452 fuisse
527 411 711 462 tradunt,
744 415 911 466 poetam
931 415 1123 453 nostrum
1143 411 1382 466 perlegisse,
1414 412 1483 453 sed
1511 412 1734 453 nonnullos

213 468 326 510 locos
367 468 421 510 ab
468 469 562 510 aliis
600 472 773 512 notatos
814 470 1023 512 invenisse
1061 473 1173 511 recte
1214 469 1545 524 suspicabimur,
1594 474 1735 511 tamen

212 526 357 568 multis
399 526 501 569 locis
541 527 710 569 docetur
739 527 972 570 Ausonium
1001 531 1112 569 certe
1143 527 1309 569 novisse
1350 531 1393 569 et
1423 528 1612 570 consulto
1643 528 1737 569 imi—

213 587 351 627 tatum
392 599 482 628 esse
523 585 646 628 hosce
685 589 853 641 poetas:
901 585 1133 639 Catullum,
1184 586 1427 639 Horatium,
1474 586 1733 639 Iuvenalem,

187 661 189 663 ’
214 643 441 696 Lucanum,
472 643 722 695 Martialem,
755 645 962 696 Ovidium,
995 646 1192 695 Persium,
1226 645 1434 695 Plautum,
1456 645 1735 700 Propertium,

215 700 411 754 Statium,
442 703 699 755 Terentium,
733 703 957 757 Tibullum,
990 703 1235 759 Vergilium.
1295 704 1486 746 Aliorum
1517 706 1735 758 poetarum

213 761 407 816 operibus
446 761 679 803 Ausonium
718 762 927 804 studuisse
974 769 1225 817 quamquam
1270 777 1320 804 ex
1343 762 1593 817 quibusdam
1632 763 1735 804 locis

214 819 394 861 divinari
425 823 578 873 potest,
610 824 752 861 tamen
783 836 858 874 pro
898 824 1012 862 certo
1050 821 1257 861 affirmare
1288 821 1437 870 nolim,
1479 835 1572 862 cum
1612 821 1734 862 modo

213 877 369 920 indicia
399 892 608 934 perpauca
650 878 973 935 invenianturl).
1036 878 1117 921 Sed
1159 879 1346 920 omnium
1384 879 1562 920 maxime
1600 880 1736 921 Auso-

213 937 307 978 nius
338 938 382 978 in
413 936 590 993 Vergilii
620 937 816 992 operibus
836 941 1025 980 versatus
1057 938 1220 980 videtur
1253 937 1393 987 fuisse,
1424 938 1605 992 primum
1625 939 1734 993 quod

213 998 432 1038 centonem
463 995 695 1050 nuptialem
726 1010 776 1037 ex
797 996 983 1038 versibus
1004 997 1069 1038 vel
1101 1011 1293 1038 versuum
1316 997 1503 1052 partibus
1525 995 1735 1052 Vergilia—

215 1054 280 1096 nis
324 1054 557 1097 mutatione
600 1069 683 1097 non
725 1055 907 1097 admissa
945 1070 1190 1110 componere
1237 1056 1391 1111 potuit,
1436 1055 1584 1097 deinde
1624 1056 1734 1110 quod

211 1113 356 1154 multis
385 1113 489 1154 locis
519 1113 631 1155 hune
662 1117 829 1168 poetam
860 1114 1044 1167 laudat2)
1075 1114 1242 1168 eiusque
1272 1129 1400 1168 opera
1431 1117 1528 1155 ante
1560 1115 1733 1155 aliorum

211 1171 390 1226 legenda
427 1170 742 1225 commendat³)‚
785 1173 962 1228 denique
1001 1172 1112 1227 quod
1154 1173 1339 1213 carmina
1368 1172 1545 1227 Vergilii
1582 1173 1680 1214 inde
1710 1187 1734 1213 a

211 1230 348 1284 primo
377 1237 477 1284 post
497 1229 708 1272 Christum
740 1232 904 1273 saeculo
935 1246 1065 1285 usque
1086 1232 1137 1272 ad
1168 1232 1347 1272 mediam
1369 1235 1550 1272 aetatem
1571 1246 1734 1286 semper

212 1288 381 1342 plurimi
413 1289 634 1331 aestimata
665 1293 790 1344 atque
820 1290 864 1330 in
895 1289 1048 1331 scholis
1088 1291 1267 1331 maxime
1297 1293 1481 1331 tractata
1524 1293 1566 1330 et
1597 1290 1733 1331 decla—

212 1350 328 1389 mata
373 1360 459 1388 esse
504 1348 713 1389 neminem
758 1348 880 1403 fugit.
956 1348 1103 1403 Itaque
1148 1348 1399 1402 exposituris
1444 1348 1587 1398 nobis,
1635 1348 1733 1403 quid

212 1405 423 1448 Ausonius
454 1420 504 1448 ex
534 1409 752 1460 poetarum
783 1407 958 1449 aliorum
979 1407 1234 1448 carminibus
1265 1408 1309 1448 in
1340 1422 1414 1448 sua
1435 1407 1729 1456 transtulisset,

211 1479 237 1506 a
267 1464 457 1522 Vergilio
487 1479 587 1506 sane
618 1465 944 1519 incipidiendum
974 1464 1118 1518 erat4).

326 1523 386 1566 Ut
418 1526 557 1565 autem
588 1539 658 1566 eos
697 1522 823 1575 locos,
854 1539 957 1579 quos
988 1525 1205 1566 afferemus
1235 1525 1412 1565 maxime
1441 1538 1526 1565 uno
1557 1524 1601 1565 in
1633 1539 1732 1566 con-

210 1584 356 1636 spectu
386 1596 590 1636 ponamus
621 1597 723 1623 neve
760 1583 926 1637 saepius
957 1583 1099 1624 eadem
1130 1583 1256 1624 verba
1295 1583 1344 1624 de
1375 1583 1581 1623 similibus
1611 1583 1732 1624 rebus

211 1640 332 1681 nobis
353 1640 547 1682 facienda
568 1641 665 1691 siut,
689 1639 928 1696 Zingerlii5)
951 1641 1158 1683 rationem
1179 1642 1224 1682 in
1246 1641 1483 1682 universum
1511 1646 1732 1695 sequentes

305 1779 331 1822 ¹)
356 1779 515 1815 Ennium
539 1791 626 1815 sane
653 1780 832 1815 Ausonius
862 1780 976 1822 novit,
1008 1792 1089 1815 cum
1121 1780 1211 1816 duos
1237 1780 1314 1815 eius
1350 1780 1448 1815 locos
1474 1783 1731 1824 commemoret

211 1825 337 1871 (Idyll.
362 1825 443 1862 XII.
476 1826 775 1863 Grammaticom.
809 1828 830 1862 3
856 1829 894 1863 et
921 1827 990 1871 17),
1021 1827 1085 1862 sed
1118 1829 1311 1872 praeterea
1339 1827 1445 1862 nulla
1476 1838 1513 1862 re
1550 1827 1730 1871 probatur

213 1873 416 1918 Ausonium
446 1874 556 1909 Ennii
589 1885 701 1919 opera
736 1873 925 1909 imitatum
960 1885 1038 1909 esse
1073 1885 1193 1919 neque
1224 1885 1268 1909 ex
1299 1873 1518 1918 fragmentis
1542 1873 1730 1914 Ennianis,

211 1932 305 1965 quae
329 1919 532 1955 Vahlenius
566 1920 731 1966 collegit,
765 1921 884 1956 ullum
916 1920 1024 1956 huius
1057 1921 1110 1956 rei
1135 1920 1334 1967 vestigium
1367 1920 1584 1955 invenimus.
1632 1920 1728 1955 Nam

211 1979 255 2003 ea
285 1968 400 2009 verba.
434 1967 659 2012 «tranquillo
690 1979 763 2011 qua
790 1967 931 2003 labitur
954 1968 1091 2002 flumen
1121 1968 1223 2011 (Mos.
1257 1967 1373 2011 245)»,
1406 1979 1499 2012 quae
1524 1966 1728 2014 Zingerlius

210 2014 270 2057 (zu
293 2016 392 2060 spat.
418 2015 485 2050 lat.
503 2014 674 2050 dichtern
699 2026 733 2060 p.
758 2015 817 2057 42)
843 2025 888 2050 ex
902 2014 1134 2050 Enii‘Annal.
1159 2026 1267 2050 versu
1286 2016 1351 2057 177
1371 2014 1467 2049 «leni
1480 2013 1563 2049 fluit
1580 2013 1729 2059 agmine

210 2061 367 2096 flumen»
393 2061 589 2105 desumpta
613 2072 691 2096 esse
715 2061 818 2102 dicit,
843 2061 972 2096 eodem
994 2061 1074 2096 iure
1100 2062 1148 2096 ad
1164 2061 1321 2106 Vergilii
1333 2063 1420 2096 Aen.
1446 2061 1494 2102 ΙΙ,
1522 2061 1606 2095 782:
1633 2060 1730 2095 «leni

210 2107 294 2144 fluit
318 2107 467 2153 agmine
493 2106 673 2153 Thybris»
707 2107 834 2142 referri
872 2111 1036 2153 possunt.
1086 2108 1143 2143 Ad
1177 2106 1384 2144 Lucretium
1415 2106 1596 2143 Ausonius
1628 2107 1730 2142 exitu

212 2155 416 2191 hexametri
442 2156 541 2191 «tela
565 2155 662 2190 diei»
689 2155 745 2199 (cf.
771 2155 939 2208 Zingerle
964 2167 999 2200 p.
1025 2155 1085 2199 42)
1108 2155 1247 2191 alludit
1281 2157 1320 2190 et
1344 2166 1398 2196 eo,
1423 2154 1521 2199 quod
1545 2154 1728 2189 Venerem

213 2198 449 2236 <Aeneadum
474 2200 714 2246 genitricem»
749 2205 932 2240 nominat.
957 2212 1031 2245 qua
1063 2201 1213 2245 quidem
1243 2212 1282 2235 re
1314 2201 1408 2235 nihil
1438 2200 1544 2235 nobis
1578 2201 1728 2245 probari

211 2247 370 2290 videtur,
394 2247 466 2284 nisi
491 2247 558 2285 alii
583 2248 653 2284 loci
678 2248 867 2284 accedunt.
916 2247 1016 2283 Idem
1043 2247 1088 2283 de
1113 2248 1264 2292 Afranio
1296 2247 1488 2284 dicendum
1515 2249 1584 2291 est,
1618 2259 1729 2293 quem

211 2295 251 2330 in
274 2295 575 2377 praeffiationilziisg
585 2294 884 2377 Tgchpgpzleglpii
909 2297 947 2330 et
972 2294 1348 2376 qenggnispnuptjipgip
1361 2295 1528 2376 grevgte}
1548 2294 1732 2380 nXoxniiIn‘iig.

414 2353 483 2377 1.
579 2370 646 2384 ,.
727 2369 734 2376 .
844 2352 1031 2377 em.exr.
1095 2368 1103 2376 .
1174 2352 1238 2376 ro.
1347 2367 1400 2383 ,.
1468 2352 1533 2376 ro.
1658 2368 1729 2383 ‚.

209 2389 309 2435 Epit.
320 2341 547 2432 )He1r³.g}}111,
571 2391 604 2426 4.
644 2389 698 2424 Id.
724 2388 768 2431 V,
792 2354 848 2424 ¹2³5.
890 2388 1006 2424 Praef.
1031 2388 1085 2424 Id.
1111 2388 1174 2424 VI.
1217 2388 1336 2425 Praef.
1371 2388 1425 2423 Id.
1444 2388 1544 2423 XIII.
1611 2387 1728 2424 Praef.

210 2435 331 2525 Epis}i
355 2436 484 2518 {VIIIV
492 2438 575 2518 ethei

305 2529 333 2573 4)
357 2530 436 2566 Hoc
459 2510 539 2566 ldco
563 2529 656 2565 mihi
681 2529 923 2565 confitendum
949 2532 1004 2565 est
1028 2540 1087 2565 me
1104 2532 1283 2576 magnum
1305 2541 1496 2564 numerum
1515 2530 1676 2565 locorum
1694 2529 1731 2563 in

211 2576 437 2613 editionibus
462 2577 616 2613 Ausonii
639 2575 835 2621 invenisse,
858 2577 923 2612 ubi
950 2579 1072 2612 tamen
1095 2577 1204 2613 modo
1220 2576 1364 2612 numeri
1380 2575 1558 2613 librorum
1572 2575 1732 2622 Vergilii

142 2663 146 2667 ,
209 2623 311 2670 iique
336 2636 446 2670 saepe
474 2636 604 2670 parum
636 2626 806 2660 accurate
831 2624 1010 2670 adscripti
1034 2627 1129 2660 sunt.
1177 2623 1336 2660 Eosdem
1369 2624 1445 2660 fere
1472 2623 1528 2659 W.
1564 2622 1732 2659 Ribbeck

210 2672 394 2716 (auctores
423 2674 462 2707 et
494 2672 702 2707 imitatores
727 2671 886 2717 Vergilii
917 2672 956 2706 in
981 2671 1037 2706 ed.
1063 2671 1174 2716 Verg.
1200 2670 1346 2707 Ottonis
1371 2671 1542 2706 Ribbeck
1571 2670 1731 2715 (Lipsiae

211 2719 408 2758 1860—68)
433 2721 470 2754 et
493 2717 663 2764 Zingerle
687 2718 745 2762 (zu
769 2720 884 2763 spaet
909 2718 975 2754 lat.
1001 2718 1115 2754 dicht.
1140 2718 1344 2753 Innsbruck
1380 2718 1483 2762 1873)
1519 2717 1731 2757 laudarunt,

210 2777 329 2801 novos*
348 2776 466 2811 paene
491 2765 614 2801 nullos
639 2765 856 2811 attulerunt.
896 2775 898 2777 ’

222 2810 226 2813 ”
305 2811 332 2856 ⁵)
357 2811 510 2849 Ovidius
533 2824 568 2847 u.
595 2811 674 2847 sein
703 2811 927 2848 verhffltniss
952 2824 995 2847 zu
1026 2811 1097 2846 den
1122 2816 1355 2858 Vorgangern
1380 2825 1415 2847 u.
1447 2810 1731 2857 gleichzeitigen

209 2863 301 2896 rfim.
326 2859 505 2896 dichtern.
553 2859 756 2895 Innsbruck
782 2860 882 2895 1869.
929 2859 973 2894 ΙΙ.
997 2868 1086 2904 pag.>
1108 2859 1154 2894 48
1179 2870 1234 2904 sq.
