1966 3192
814 541 1061 597 Thesea.

193 700 202 710 .
248 665 409 711 Auson.
443 667 549 713 Mos.
582 685 618 713 v,
654 672 718 714 68·
740 672 812 715 sic·
831 673 1055 730 legendum
1087 690 1261 720 censeo:

248 726 359 770 Tota
389 729 772 786 Caledoniisntali
805 736 885 774 est
916 735 1104 788 specie
1135 750 1228 777 ora
1260 736 1492 781 Britannis.

190 842 199 851 .
241 809 408 853 'Auson.
441 810 546 867 Mos.
583 829 618 855 v.
652 814 737 856 230
769 815 830 857 sic
861 817 1110 859 mutandum
1140 820 1264 872 puto:

246 867 434 911 Sicuti
466 873 724 927 compositos
756 877 1024 917 ostentatura
1054 876 1242 930 capillos.

187 989 196 999 .
243 955 454 1013 Ammian.
487 957 675 1000 Marcell.
707 957 821 1008 XIV,
858 961 896 1009 2,
924 960 976 1001 13
1008 960 1069 1001 sic
1099 960 1358 1015 scripserim:

242 1014 569 1060 Circumstetere
618 1017 752 1073 igitur
803 1017 884 1059 hoc
929 1017 1238 1062 munimentum
1292 1033 1367 1074 per
1417 1019 1605 1063 triduum
1657 1024 1702 1063 et

242 1076 502 1127 trinoctium,
544 1081 587 1119 et
627 1091 720 1119 cum
752 1091 887 1131 neque
926 1077 1148 1119 adclivitas
1188 1078 1283 1133 ipsa
1323 1078 1416 1120 sine
1455 1079 1700 1132 discrimine

241 1135 350 1178 adiri
380 1136 513 1189 letali,
544 1150 623 1178 nec
653 1135 857 1178 cuniculis
894 1136 1121 1192 quicquam
1150 1137 1240 1193 geri
1275 1140 1430 1193 posset,
1452 1152 1530 1181 nec
1550 1136 1699 1196 proce-

240 1197 360 1239 deret
416 1196 548 1239 ullum
600 1195 862 1237 obsidionale
920 1198 1225 1247 commentum,
1287 1197 1442 1239 maesti
1492 1198 1699 1242 excedunt

237 1259 454 1312 postrema
487 1255 529 1297 vi
560 1255 784 1311 subigente
815 1254 976 1297 maiora
1006 1255 1167 1297 viribus
1205 1255 1482 1312 adgressi.

180 1373 188 1382 .
235 1340 449 1381 Ammian.
480 1338 665 1381 Marcell.
697 1337 811 1388 XIV,
844 1339 885 1389 4,
921 1340 942 1380 l
978 1338 1039 1379 sic
1070 1338 1189 1394 lego:

235 1397 434 1440 Saraceni
454 1400 596 1439 tamen
618 1411 695 1438 nec
727 1397 852 1439 amici
884 1397 1004 1439 nobis
1024 1411 1208 1452 unquam
1228 1411 1305 1439 nec
1324 1397 1467 1439 hostes
1498 1399 1691 1455 optandi,

233 1457 347 1499 ultro
364 1456 556 1511 citroque
573 1456 857 1498 discursantes
868 1455 1071 1511 quicquid
1082 1456 1264 1498 inveniri
1275 1459 1459 1511 poterat,
1477 1455 1692 1500 niomeuto

232 1516 437 1572 temporis
467 1515 589 1569 parvi
621 1515 846 1556 vastabant
877 1514 1103 1556 milvorum
1143 1515 1358 1570 rapacium
1399 1515 1570 1567 similes,
1617 1517 1691 1571 qui

233 1574 270 1616 si
300 1574 501 1630 praedam
533 1573 798 1629 dispexerint
829 1573 993 1625 celsius,
1027 1573 1171 1616 volatu
1202 1574 1378 1629 rapiunt
1409 1574 1533 1616 celeri
1574 1577 1625 1616 et
1655 1576 1691 1617 si

229 1633 566 1690 impetraverint,
600 1647 683 1674 non
716 1633 999 1674 inmorantur.

170 1748 180 1758 .
229 1715 374 1758 Senec.
408 1714 609 1758 Controv.
642 1714 675 1765 I,
714 1717 749 1765 1,
785 1716 810 1757 8
841 1714 902 1757 sic
933 1714 1204 1756 mutaverim:

229 1774 358 1817 Venit
379 1774 567 1816 immissa
597 1773 732 1816 barba
757 1773 994 1829 capilloque
1026 1773 1215 1824 deformi,
1250 1787 1334 1815 nou
1366 1776 1584 1816 senectute
1614 1775 1686 1817 sed

226 1833 336 1876 fame
387 1832 586 1875 membris
637 1833 929 1882 trementibus,
982 1832 1272 1875 summissa
1318 1835 1361 1873 et
1399 1833 1516 1874 tenui
1557 1836 1685 1889 atque

226 1893 338 1934 elisa
361 1892 519 1934 ieiunio
551 1906 666 1942 voce,
698 1894 747 1933 ut
770 1891 838 1932 vix
859 1891 1050 1933 exaudiri
1069 1893 1225 1946 posset,
1258 1891 1469 1934 introrsus
1491 1892 1691 1951 conditos

224 1951 367 1994 oculos
400 1951 470 1993 vix
500 1950 706 1993 allevans:
740 1950 839 1993 alui.

166 2069 175 2079 .
222 2035 326 2077 Cum
356 2034 614 2089 Hultgrenio
635 2033 809 2090 (Annal.
833 2030 987 2076 Philol.
1023 2034 1133 2077 1873
1164 2033 1196 2075 Ι.
1231 2049 1271 2089 p.
1307 2032 1529 2092 745—72)
1560 2049 1683 2079 usum

223 2097 444 2149 poetarum
487 2093 741 2136 Latinorum
791 2094 844 2135 ab
894 2093 1088 2135 oratione
1141 2092 1325 2148 pedestri
1378 2093 1679 2137 abhorrentem

222 2153 368 2195 multis
422 2153 526 2195 locis
578 2153 631 2195 ad
678 2152 953 2208 difficultates!
996 2151 1144 2194 metris
1195 2151 1362 2194 oblatas
1414 2152 1680 2196 referendum

221 2212 418 2254 arbitror.

160 2328 169 2338 .
216 2295 376 2337 Eadem
407 2295 594 2347 ratione,
636 2310 720 2351 qua
762 2295 829 2337 Du
860 2294 1203 2351 Bois-Reymond
1237 2293 1360 2349 (iiber
1393 2295 1461 2337 die
1492 2309 1677 2351 grenzen

218 2354 290 2397 des
332 2354 709 2397 naturerkennens.
782 2354 958 2411 Leipzig
1001 2354 1130 2408 1872)
1173 2367 1285 2410 nego
1334 2368 1385 2397 ex
1437 2357 1675 2398 atomorum

217 2418 335 2456 motu
365 2413 497 2456 ullam
529 2414 709 2470 speciem
742 2414 1027 2457 conscientiae
1059 2413 1261 2469 explicari
1293 2428 1429 2468 posse.
