1966 3192
945 621 1050 674 Vi
1084 622 1198 674 ta:

396 736 665 780 Hermannns
697 737 845 793 Speck,
889 738 986 781 fidei
1027 738 1292 795 evangelicae
1323 739 1529 791 addictus,
1572 743 1698 782 natus
1728 753 1828 782 sum·

279 796 434 839 Olsnae
465 797 532 839 die
561 797 634 839 XI.
668 798 822 839 mensis
854 798 1038 853 Augusti
1069 813 1105 840 a.
1139 797 1180 839 h.
1212 813 1244 839 s,
1277 797 1415 840 XLIX
1446 801 1569 854 patre
1589 798 1819 849 Gruilelmo,

278 859 414 897 matre
445 855 625 906 Bertha,
671 870 692 896 e
724 859 852 912 gente
883 854 1050 899 Schaer.
1111 855 1282 899 Patrem
1325 860 1424 899 ante
1455 858 1533 900 hos
1563 856 1654 900 XX.
1688 872 1822 900 annos

279 917 548 969 praematura
579 918 714 956 morte
745 914 850 956 mihi
881 918 1071 970 ereptum
1102 915 1240 970 lugeo,
1274 918 1411 957 matre
1432 915 1569 958 adhuc
1590 916 1822 971 superstite

279 973 453 1028 gaudeo.
517 972 670 1015 Primis
702 973 940 1016 litterarum
982 974 1197 1016 elementis
1228 973 1271 1014 in
1304 974 1404 1016 ludo
1436 974 1606 1029 publico
1636 974 1823 1016 imbutus

279 1032 439 1074 decimo
472 1032 626 1073 aetatis
659 1047 771 1074 anno
803 1033 968 1086 patriae
1000 1032 1116 1073 urbis
1147 1033 1414 1087 gymnasium
1445 1033 1543 1083 adii,
1588 1032 1700 1087 quod
1731 1035 1823 1074 tum

279 1090 442 1132 Silbero
473 1090 624 1132 deinde
646 1090 799 1133 Hessio
821 1093 985 1133 rectore
1005 1090 1196 1133 florebat.
1261 1090 1423 1133 Novem
1456 1091 1579 1134 annis
1610 1094 1709 1147 post
1730 1106 1823 1134 cum

279 1150 543 1192 maturitatis
587 1149 832 1192 testimonio
877 1150 1070 1191 dimissus
1119 1150 1163 1191 in
1205 1149 1539 1193 Universitatem
1582 1151 1822 1193 litterarum

281 1208 533 1250 Viadrinam
572 1222 638 1249 me
677 1208 837 1251 contuli
877 1208 1101 1264 praecipue
1143 1208 1401 1265 philologiae
1432 1224 1603 1265 operam
1634 1209 1819 1252 daturus.

282 1266 363 1310 Sed
395 1268 621 1322 quominus
664 1268 811 1322 primis
842 1268 1113 1310 semestribus
1157 1268 1322 1309 assidue
1361 1269 1413 1310 ad
1452 1268 1553 1310 haec
1584 1269 1726 1310 studia
1756 1269 1823 1309 in-

280 1328 538 1377 cumberem,
586 1326 740 1368 militia
791 1341 875 1368 11011
922 1327 1049 1368 semel
1101 1326 1329 1382 impeditus
1370 1341 1475 1369 sum.
1555 1326 1658 1369 Cum
1710 1328 1822 1369 enim

279 1386 494 1440 stipendia
533 1401 674 1427 annua
716 1386 973 1435 meruissem,
1025 1385 1144 1431 brevi
1184 1388 1374 1439 tempore
1415 1388 1515 1440 post
1553 1400 1665 1427 anno
1706 1385 1749 1428 h.
1791 1400 1823 1426 s.

279 1444 395 1485 LXX
426 1444 580 1491 iterum
620 1458 736 1485 arma
777 1444 890 1499 gessi
932 1446 975 1485 et
1016 1444 1137 1499 signa
1181 1446 1326 1485 nostra
1357 1444 1401 1484 in
1435 1443 1618 1485 Galliam
1657 1447 1823 1486 secutus

279 1518 385 1545 sum.
446 1502 568 1562 Unde
599 1502 645 1544 in
676 1503 836 1558 proelio
870 1503 980 1558 apud
1013 1502 1213 1557 oppidum
1245 1502 1285 1544 le
1316 1502 1439 1544 Mans
1471 1503 1690 1544 commisso
1730 1503 1837 1549 vulf

280 1566 454 1603 neratus
485 1576 627 1603 mense
660 1561 889 1603 Februario
920 1561 1182 1615 insequentis
1215 1560 1316 1602 anni
1356 1561 1401 1602 in
1432 1562 1617 1615 patriam
1648 1561 1753 1603 redii
1783 1564 1826 1602 et
1904 1563 1912 1570 “

280 1635 375 1662 011111
407 1619 727 1670 convaluissem,
760 1619 828 1661 ad.
845 1619 988 1661 studia
1007 1619 1077 1661 diu
1109 1619 1350 1661 intermissa
1366 1634 1511 1662 rursus
1533 1635 1600 1661 me
1622 1620 1823 1662 converti.

281 1678 444 1721 Scholis
475 1678 653 1720 interfui
675 1678 767 1720 VV.
790 1678 857 1720 Ill.
891 1678 1140 1733 Baumgart‚
1173 1678 1388 1728 Bliimner‚
1421 1678 1607 1728 Braniss,
1633 1678 1821 1732 Dilthey,

280 1737 424 1788 Hertz,
456 1737 716 1787 Junkmann,
749 1736 919 1782 Karow,
952 1735 1191 1786 Neumann‚
1210 1765 1215 1770 -
1234 1736 1548 1787 Reifferscheid,
1590 1736 1822 1789 Rossbach,

200 1803 202 1805 '
280 1795 479 1846 Riickert,
513 1794 715 1845 Stenzler‚
749 1794 937 1849 Zupitza.
1014 1794 1095 1836 Per
1126 1797 1329 1851 quattuor
1361 1796 1580 1836 semestria
1620 1794 1824 1850 prosemi-

281 1855 391 1896 narii
431 1858 474 1896 et
513 1854 728 1895 seminarii
768 1868 854 1909 reg.
895 1853 1041 1909 philol.
1082 1853 1236 1896 sodalis
1283 1868 1419 1905 eram,
1464 1854 1574 1909 quod
1620 1855 1825 1909 regebant

279 1913 372 1955 VV.
406 1914 471 1956 Ill.
504 1912 647 1964 Hertz,
681 1913 995 1963 Reifferscheid,
1028 1912 1259 1963 Rossbach,
1301 1927 1478 1966 quorum
1519 1926 1571 1953 ex
1602 1912 1824 1967 disciplina

282 1976 325 2014 et
356 1973 532 2014 consilio
564 1986 771 2013 summum
793 1987 857 2013 me
880 1971 1040 2027 cepisse
1072 1971 1254 2013 fructum
1285 1973 1409 2027 grato
1433 1972 1636 2014 confiteor
1667 1971 1823 2013 animo.

398 2031 675 2085 Benignitate
706 2030 846 2073 Caroli
878 2030 1048 2073 Fickert
1081 2046 1116 2072 v.
1148 2031 1203 2079 d.,
1246 2045 1328 2084 quo
1361 2033 1524 2072 rectore
1556 2031 1824 2085 gymnasium
1858 2068 1863 2070 ,

280 2091 403 2132 huius
440 2090 557 2132 urbis
596 2089 916 2131 Elisabetanum
955 2089 1099 2139 floret,
1147 2089 1254 2130 mihi
1295 2089 1498 2144 contigit,
1540 2093 1588 2131 ut
1629 2104 1703 2144 per
1741 2089 1825 2130 tria
1874 2095 1880 2098 “

283 2150 502 2193 semestria
532 2148 818 2204 praeceptoris
849 2148 1011 2191 vicibus
1043 2149 1103 2189 ibi
1133 2148 1343 2203 fungerer.

400 2208 607 2251 Omnibus
657 2207 725 2249 his
768 2207 868 2250 viris
919 2208 968 2249 de
1015 2222 1080 2248 me
1122 2207 1281 2262 optime
1311 2206 1473 2248 meritis
1504 2207 1665 2261 gratias
1698 2221 1824 2261 quam

283 2268 488 2310 maximas
520 2280 601 2322 ago
634 2280 879 2321 semperque
910 2281 976 2307 me
1007 2265 1249 2308 habiturum
1282 2280 1371 2308 esse
1402 2266 1618 2321 promitto.
