1966 3192
898 160 950 204 41

159 292 268 338 Verg.
295 292 385 328 Aen.
410 292 471 334 lX,
496 292 576 328 667.

299 340 337 381 D
349 342 442 382 ant
471 355 490 382 s
504 354 528 382 o
540 355 566 382 n
581 340 662 381 itu
674 354 714 381 m
746 339 814 380 fl
802 353 851 381 10
863 340 919 380 tu
951 339 1110 394 galeae,
1142 351 1286 394 pugna
1318 316 1467 393 aspera
1499 338 1639 394 surgit

159 409 245 447 Ans.
271 410 300 445 E
302 410 389 456 pist.
417 409 529 453 XXV,
554 410 611 447 20.

299 457 501 514 Cymbala
533 457 659 500 dant
690 457 857 500 flictu
890 457 1156 506 sonitum,
1190 457 1294 498 dant
1323 456 1493 512 pulpita
1523 456 1634 497 saltu

162 550 269 596 Verg.
297 552 387 586 Aen.
413 551 456 591 X,
485 552 562 586 564.
1046 564 1053 568 ·

299 598 379 648 Qui
410 578 492 640 fu’it
523 599 784 641 Ausonidum
816 599 859 641 et
888 599 1078 641 tacitis
1109 598 1303 653 regnavit
1335 597 1583 652 Amyclis

162 668 246 704 Aus.
274 667 393 713 Epist.
420 668 531 710 XXV,
559 669 614 703 26.

299 717 364 758 Tu
394 717 509 758 velut
540 715 726 758 Oebaliis
758 716 922 758 habites
955 719 1005 758 ta
1018 716 1134 757 citu
1147 730 1200 756 rn
1212 729 1238 756 u
1253 730 1271 756 s
1313 715 1440 769 Amy
1453 714 1524 756 011
1538 729 1557 755 s

160 809 271 855 Verg.
294 809 427 855 Georg.
454 809 520 849 ΙΙΙ,
545 810 624 845 550.

301 856 554 911 Phillyrides
587 856 744 899 Chiron
776 857 812 898 A
827 857 1256 913 mythaoniusqu
1272 871 1292 897 e
1325 856 1508 898 Melam
1526 871 1552 911 p
1568 871 1619 896 us

164 927 250 963 Aua.
278 928 359 964 Per.
385 928 514 972 Odyss.
541 927 617 963 XV.
644 929 768 973 (pros.)

376 975 703 1031 «Melampus
736 976 772 1017 A
789 976 1111 1031 mythaonis
1143 975 1366 1017 erudivit.»

278 1151 336 1193 Hi
366 1152 453 1194 fere
484 1154 582 1194 sunt
611 1152 706 1204 loci,
738 1152 781 1194 in
814 1152 962 1207 quibus
996 1151 1207 1194 Ausonius
1240 1151 1305 1193 vel
1336 1151 1571 1207 Vergilium
1604 1150 1698 1192 imi—

164 1212 281 1252 tatus
312 1214 378 1252 est
397 1212 463 1253 vel
495 1211 548 1252 ad
579 1226 671 1252 eum
693 1211 876 1266 respexit
897 1212 964 1252 vel
994 1211 1121 1252 verba
1142 1211 1229 1252 eius
1258 1211 1492 1265 descripsit.
1557 1211 1697 1264 Atque

164 1269 330 1311 etiamsi
360 1269 482 1311 nobis
514 1270 797 1311 confitendum
830 1273 894 1312 est
926 1269 1049 1312 facile
1081 1269 1172 1311 fieri
1202 1269 1400 1324 potuisse,
1435 1272 1483 1310 ut
1504 1268 1697 1310 nonnulli

164 1343 240 1369 nos
272 1328 479 1382 fugerent,
512 1329 554 1369 id
576 1329 687 1382 quod
718 1330 904 1370 intanta
926 1328 1145 1369 verborum
1177 1332 1219 1369 et
1241 1329 1546 1369 sententiarum
1578 1327 1698 1381 copia

165 1386 336 1428 minime
383 1387 534 1428 mirum
587 1390 664 1436 est,
717 1389 857 1429 tamen
906 1401 955 1428 ex
986 1387 1050 1436 iis,
1103 1401 1209 1441 quos
1255 1387 1487 1435 attulimus,
1540 1386 1699 1441 optime

166 1445 425 1487 intellectum
458 1445 511 1486 iri
540 1446 797 1497 confidimus,
822 1449 1081 1501 quantopere
1113 1448 1156 1487 et
1187 1460 1269 1500 qua
1301 1446 1466 1487 ratione
1489 1444 1701 1487 Ausonius

166 1504 218 1545 ad
250 1519 377 1558 opera
407 1519 482 1546 sua
513 1505 765 1546 illustranda
786 1505 965 1560 Vergilii
985 1504 1239 1546 carminibus
1266 1519 1363 1546 usus
1394 1502 1503 1554 sitl).
1536 1503 1700 1545 Maiora

168 1566 418 1619 argumenta
438 1563 504 1604 vel
535 1563 843 1615 similitudines,
875 1563 1096 1618 perpaucis
1128 1555 1367 1619 exceptis2)‚
1399 1566 1528 1618 poeta
1559 1566 1702 1604 noster

167 1637 217 1663 ex
263 1621 451 1677 Vergilio
498 1637 582 1663 non
630 1622 862 1678 desumpsit
909 1637 1043 1677 neque
1085 1636 1263 1676 magnus
1310 1637 1506 1663 numerus
1558 1636 1700 1663 eorum

168 1695 360 1723 versuum
402 1683 555 1731 exstat,
601 1681 644 1722 111
686 1681 834 1735 quibus
875 1681 1110 1726 sententiae
1150 1680 1422 1736 Vergilianae
1463 1680 1526 1723 vel
1570 1695 1634 1722 res
1678 1695 1702 1721 a

166 1739 354 1795 Vergilio
387 1741 582 1781 narratae
614 1741 667 1781 ab
699 1740 888 1782 Ausonio
920 1743 1311 1790 commemorantur,
1353 1741 1425 1781 sed
1456 1739 1700 1794 saepissime

169 1799 221 1840 ab
253 1813 301 1841 00
327 1798 491 1840 flosculi
522 1799 727 1842 sermonis
749 1800 814 1841 vel
847 1799 1050 1841 vocabula
1071 1799 1275 1853 quaedam
1307 1815 1331 1840 a
1362 1798 1550 1855 Vergilio
1583 1814 1702 1840 usur-

169 1861 270 1913 pata
311 1868 404 1899 cum
436 1858 479 1898 in
512 1858 605 1900 aliis
635 1858 865 1900 hexametri
896 1858 1071 1912 pedibus
1117 1862 1207 1900 tum
1238 1858 1282 1899 in
1315 1858 1440 1899 initio
1471 1861 1514 1900 et
1543 1858 1586 1898 in
1619 1859 1702 1899 fine

167 1931 359 1958 versuum
390 1916 579 1958 adhibita
624 1920 735 1959 sunt.
803 1916 958 1966 Quodsi
990 1916 1300 1958 consideramus
1332 1917 1576 1966 Ausonium,
1610 1931 1701 1957 011111

170 1990 274 2030 puer
315 1975 493 2017 Tolosae
532 1976 585 2017 ab
626 1975 831 2018 avunculo
867 1975 1051 2018 Aemilio
1092 1975 1265 2031 Argieio
1298 1975 1490 2026 Arborio,
1535 1975 1704 2018 rhetore

169 2034 410 2082 clarissimo,
445 2034 642 2077 educatus
665 2037 786 2085 esset,
822 2035 1103 2090 potissimum,
1139 2035 1209 2089 qui
1242 2037 1333 2076 erat
1363 2035 1475 2076 illius
1502 2035 1704 2090 temporis

168 2092 319 2149 mos³),
375 2093 551 2149 Vergilii
602 2094 785 2135 carmina
835 2090 1077 2149 perlegisse‘
1109 2097 1151 2135 et
1202 2093 1454 2136 declamasse
1504 2094 1703 2148 locosque

167 2152 468 2209 pulcherrimos
510 2153 712 2196 memoria
749 2153 962 2204 didicisse,
1007 2153 1154 2195 deinde
1194 2152 1447 2208 Burdigalae
1488 2168 1580 2195 cum
1620 2154 1704 2195 dis-

168 2213 318 2267 cipulis
360 2226 433 2266 per
485 2226 682 2267 magnum
723 2212 926 2266 temporis
969 2212 1152 2267 spatium
1192 2212 1333 2253 eadem
1377 2211 1480 2254 haec
1519 2214 1705 2254 carmina

167 2286 299 2326 usque
338 2273 553 2322 tractasse,
604 2286 687 2313 non
730 2271 881 2313 mirum
922 2274 997 2321 est,
1040 2271 1150 2325 quod
1187 2271 1315 2312 verba
1345 2270 1524 2327 Vergilii
1565 2272 1628 2313 ita
1659 2272 1701 2313 in

167 2345 311 2372 sucum
331 2331 375 2371 et
395 2331 643 2385 sanguinem
665 2331 752 2372 eius
775 2330 1046 2380 transierunt,
1070 2333 1117 2371 ut
1138 2344 1305 2384 quoquo
1326 2331 1418 2372 1000
1441 2331 1478 2372 01
1506 2335 1704 2385 prompta

169 2392 320 2431 essent.
394 2389 542 2443 Itaque
589 2404 672 2431 non
718 2389 953 2443 putandum
994 2392 1059 2430 est
1097 2388 1331 2430 Ausonium
1372 2389 1488 2431 locos
1532 2389 1613 2430 sibi
1654 2405 1704 2430 ex

167 2447 280 2489 illius
311 2451 459 2502 poetae
482 2448 678 2502 operibus
692 2447 957 2502 excerpsisse,
991 2447 1143 2502 quibus
1165 2450 1362 2502 poemata
1383 2463 1458 2489 sua
1479 2447 1702 2503 ornaret4),

264 2613 287 2655 ¹)
315 2612 471 2648 Etiamsi
497 2613 693 2649 nonnullos
720 2613 828 2653 locos,
855 2624 945 2656 quos
972 2612 1193 2667 exVergilio
1212 2613 1429 2658 dcsumptos
1455 2613 1704 2667 exposuimus,

167 2660 279 2696 etiam
307 2660 406 2706 apud
431 2659 524 2696 alios
549 2663 679 2706 poetas
703 2658 881 2701 invenias,
907 2661 1045 2702 tamen,
1071 2661 1159 2705 quia
1184 2660 1223 2695 in
1249 2660 1417 2707 Vergilio
1447 2660 1606 2696 maxime
1632 2661 1705 2695 Au-

168 2708 311 2743 sonium
347 2710 534 2743 versatum
578 2707 689 2742 fuisse
716 2706 917 2747 docuimus,
958 2708 1005 2742 ad
1045 2708 1142 2743 1111110
1180 2710 1330 2752 poetam
1357 2720 1440 2742 eum
1467 2708 1702 2753 potissimum

168 2755 246 2789 illis
272 2754 363 2797 locis
387 2755 592 2799 respexisse
620 2753 820 2789 verisimile
846 2757 913 2789 est.

263 2800 287 2843 ²)
315 2794 366 2836 Cf.
394 2813 469 2847 pga.
472 2802 551 2836 .24
576 2804 614 2837 et
639 2802 683 2836 25
708 2801 817 2836 huius
843 2801 989 2837 dissert.

262 2847 289 2889 ⁸)
314 2849 524 2884 Kaufmann
552 2850 597 2890 (v.
624 2848 827 2890 Raumersss
853 2847 939 2883 hist.
966 2848 1174 2892 taschenb.)
1199 2860 1285 2893 pag.
1314 2850 1367 2883 16

262 2894 289 2939 ⁴)
314 2895 372 2930 Ad
397 2897 590 2931 centonem
615 2876 827 2941 nuptialeni
852 2894 1146 2940 componendum
1172 2906 1259 2930 sane
1285 2906 1368 2930 eum
1394 2895 1461 2931 hoc
1487 2894 1615 2930 fecisse
1641 2894 1702 2930 vix

167 2953 303 2988 negare
328 2942 526 2987 possimus.
770 2966 772 2968 v
