1966 3192
942 73 997 117 14

197 202 351 254 fuisse;
383 203 466 245 nisi
497 203 610 245 enim
642 203 801 253 fuisset,
833 204 1013 246 Paulino
1044 205 1168 247 modo
1200 203 1252 246 ad
1285 219 1333 246 ea
1364 203 1539 247 crimina
1568 217 1744 260 respon·

199 262 382 304 <lendum
405 265 509 314 erat,
542 277 648 318 quae
666 262 718 304 ad
750 263 881 304 vitam
904 263 1139 305 solitariam
1157 264 1442 318 pertinebant,
1475 278 1570 306 cum
1601 266 1744 313 autem

197 324 320 371 esset,
354 321 559 363 Paulinus
589 323 763 362 omnino
803 322 884 362 sibi
916 322 1165 377 religionem
1206 338 1325 365 suam
1356 322 1640 365 Christianam
1671 336 1744 364 ex-

198 380 427 422 cusandam
460 394 549 421 esse
581 379 757 421 censuit.

316 438 523 481 Nonnulli
573 442 622 480 ut
672 437 929 489 SouchaeuS,
978 439 1152 488 Bailius,
1208 439 1398 495 Mignius
1449 440 1745 482 concluserunt

197 497 435 539 Ausonium
466 497 686 552 religionis
719 497 987 539 Christianae
1028 497 1262 539 studiosum
1305 498 1455 549 fuisse,
1499 513 1591 541 cum
1633 499 1748 541 inter

200 554 481 599 amoenitates
512 556 636 598 villae
668 571 744 598 sua
778 556 991 598 ecclesiam
1026 557 1308 612 propinquam
1340 557 1661 612 enumeraret1),
1701 558 1744 599 id

198 616 311 670 quod
342 616 468 671 plane
499 615 722 657 ridiculum
753 619 840 664 est;
874 631 972 657 nam
1004 616 1181 671 quisque
1214 616 1337 658 facile
1370 617 1583 673 intellegit
1607 618 1744 659 Auso-

197 676 317 717 nium
357 675 460 717 haec
503 674 643 717 omnia
684 689 733 716 eo
774 675 951 716 consilio
993 675 1227 729 appellare,
1273 679 1320 717 ut
1351 675 1574 727 Paulinum
1616 676 1668 716 ad
1700 691 1743 717 se
1776 679 1779 683 ’

199 734 373 783 alliciat,
427 737 469 775 et
507 734 624 775 113110
664 734 718 775 01)
756 748 845 775 rem
887 748 1078 788 sperasse
1110 732 1333 775 Paulinum
1364 733 1545 776 fortasse
1579 734 1764 776 facilius>

199 796 455 834 commotum
487 792 553 841 iri,
585 796 634 833 ut
666 792 719 833 ad
751 807 793 833 se
825 793 999 842 veniret,
1034 793 1067 832 si
1101 792 1319 834 ecclesiam
1340 793 1622 847 propinquam
1655 808 1744 834 esse

198 852 396 893 audisset.
457 851 600 898 Etiam
640 851 774 906 magis
818 866 1057 906 perversum
1099 853 1176 902 est,
1221 852 1332 906 quod
1380 852 1587 907 imprimis
1637 851 1743 893 Sou-

199 910 391 958 chaeus2)
434 911 657 951 confirmat
689 911 922 967 Ausonium
964 910 1252 951 Christianum
1293 910 1421 951 fuisse
1462 910 1571 951 effici
1604 910 1741 951 verbis

201 968 432 1022 Paulini³):

380 1027 538 1081 «Inque
569 1030 644 1081 tuo
677 1030 823 1068 tantus
854 1027 976 1069 nobis
1009 1042 1235 1069 consensus
1266 1042 1407 1069 amore
1440 1031 1516 1078 est,

377 1085 569 1136 Quantus
603 1088 646 1128 et
677 1086 721 1128 in
753 1085 923 1128 Christo
958 1101 1143 1128 connexa
1175 1089 1315 1128 mente
1347 1087 1565 1129 colendo».

318 1146 434 1195 Quae
464 1147 604 1195 verba,
636 1145 679 1186 id
712 1145 824 1199 quod
855 1146 986 1186 totius
1018 1146 1255 1187 sententiae
1295 1160 1425 1187 nexus
1464 1146 1605 1195 docet,
1640 1144 1744 1186 Sou-

202 1205 354 1247 chaeus
386 1205 446 1246 sic
477 1205 782 1259 interpretatus
814 1219 902 1246 esse
936 1204 1120 1246 videtur:
1170 1219 1246 1246 1108
1295 1205 1400 1259 (8011.
1448 1203 1650 1247 Paulinus
1702 1208 1743 1247 et

200 1265 435 1317 Ausonius)
483 1264 590 1305 alter
637 1264 815 1305 alterum
861 1267 984 1305 tanto
1037 1279 1178 1304 amore
1210 1264 1539 1318 complectimur,
1581 1268 1743 1318 quanto

203 1323 463 1365 coniunctim
493 1322 708 1364 Christum
740 1321 926 1363 colimus.
991 1321 1072 1363 Sed
1104 1322 1232 1363 talem
1268 1322 1312 1363 in
1355 1323 1610 1364 sententiam
1641 1322 1745 1365 haec

201 1383 329 1424 verba
348 1382 521 1424 omnino
533 1382 667 1435 accipi
689 1396 774 1422 non
796 1384 986 1435 possunt,
1020 1396 1112 1422 cum
1145 1396 1224 1422 vox
1244 1385 1369 1422 «tuo»
1405 1381 1546 1423 obstet
1568 1396 1744 1436 cumque

202 1441 429 1490 Paulinus,
482 1440 517 1480 si
565 1440 702 1481 dicere
742 1439 934 1481 volebat:
991 1454 1093 1481 «nos
1146 1443 1293 1482 mutuo
1340 1455 1480 1482 amore
1530 1441 1744 1482 coniuncti

203 1516 371 1541 sumus»
406 1514 624 1553 nunquam
641 1499 751 1539 hanc
773 1513 915 1540 vocem
949 1499 1234 1552 adscripturus
1265 1499 1407 1542 fuerit.
1469 1499 1618 1553 Itaque
1640 1500 1744 1540 haec

202 1560 330 1600 verba
362 1558 486 1599 aliter
517 1559 626 1599 verti
657 1571 742 1598 non
776 1560 976 1611 possunt,
1004 1557 1108 1598 nisi:
1146 1572 1247 1599 «nos
1289 1556 1394 1614 (scil.
1428 1572 1506 1613 ego
1540 1560 1581 1598 et
1612 1556 1745 1599 altera

201 1632 383 1673 persona
406 1616 629 1671 quaedam)
663 1619 704 1657 te
737 1618 859 1657 tanto
882 1631 1022 1658 amore
1044 1616 1375 1671 complectimur,
1404 1619 1563 1671 quanta
1585 1617 1745 1671 pietate

202 1677 414 1719 Christum
472 1676 687 1718 colimus.»
781 1675 938 1725 Quodsi
986 1676 1298 1718 consideramus
1358 1676 1469 1718 hanc
1519 1676 1745 1730 epistulam

202 1736 371 1778 Paulini
404 1735 671 1791 potissimum
702 1735 958 1789 respondere
993 1735 1045 1776 ad
1075 1736 1255 1776 Ausonii
1287 1735 1512 1790 epistulam
1543 1733 1743 1790 XX1114),

200 1796 272 1837 ubi
303 1796 469 1836 dixerat
491 1794 717 1836 Paulinum
748 1794 928 1835 fortasse
960 1809 984 1835 3
1005 1794 1207 1836 Therasia
1238 1809 1367 1836 uxore
1398 1795 1607 1850 impediri,
1641 1809 1744 1849 quo-

200 1856 339 1896 minus
392 1854 445 1895 ad
476 1869 520 1894 se
552 1853 714 1894 veniret
753 1852 971 1893 litterasve
1013 1853 1141 1894 daret.
1202 1856 1382 1907 apparet
1411 1853 1523 1894 hanc
1569 1853 1744 1894 alteram

200 1927 438 1968 personam,
486 1926 612 1967 quam
659 1911 704 1952 in
751 1925 852 1953 voce
903 1911 1076 1953 «nobis»
1130 1911 1380 1966 implicitam
1422 1926 1512 1953 esse
1550 1911 1743 1962 vidimus,

201 1972 361 2013 nullam
379 1971 528 2014 aliam
543 1985 631 2012 0880
652 1970 734 2011 11181
756 1964 1014 2011 Therasiam.
1077 1970 1227 2024 Itaque
1251 1970 1450 2012 Paulinus
1473 1971 1609 2012 dicere
1631 1970 1743 2012 vult:

203 2030 412 2085 «suspicio
436 2033 526 2080 tua,
564 2028 747 2079 Ausoni,
769 2028 1013 2074 Therasiam
1036 2029 1115 2071 tibi
1132 2029 1332 2071 infestam
1354 2044 1467 2084 esse,
1494 2029 1618 2085 plane
1638 2029 1744 2072 13183

201 2090 303 2140 fuit;
326 2093 420 2132 tota
450 2105 544 2131 mea
575 2089 735 2139 domus,
761 2103 839 2143 ego
871 2104 1059 2143 uxorque
1090 2104 1184 2130 mea
1215 2091 1440 2143 tantopere
1472 2089 1744 2143 tediligimus,

200 2152 464 2205 quantopere
496 2148 709 2190 Christum
743 2147 956 2189 colimus.»
1019 2146 1168 2202 Neque
1200 2162 1297 2189 vero
1329 2147 1496 2190 Paulini
1527 2147 1673 2190 verba:

382 2207 506 2250 «Non
537 2222 632 2249 reor
662 2207 706 2248 id
738 2221 840 2248 sano
873 2207 932 2250 sic
964 2207 1239 2262 displicuisse.
1260 2208 1427 2262 parenti

376 2267 533 2308 Mentis
563 2269 611 2307 ut
643 2280 826 2307 errorem
858 2266 1002 2307 credat
1039 2266 1099 2307 sic
1130 2266 1269 2306 vivere
1312 2264 1533 2319 Christ05),

376 2325 436 2367 Ut
468 2325 660 2367 Christus
693 2324 860 2366 sanxit»
967 2324 1201 2366 Ausonium
1263 2323 1551 2367 Christianum
1612 2324 1741 2365 fuisse

199 2387 285 2427 ullo
338 2386 461 2426 modo
512 2384 720 2439 probant,
788 2398 880 2424 cum
932 2383 1134 2425 Paulinus
1195 2383 1381 2425 dicturus
1434 2384 1510 2427 sit:
1592 2397 1744 2435 «nunc,

201 2445 403 2500 quoniam
464 2443 545 2484 tibi
604 2445 693 2484 tam
751 2442 879 2497 longe
940 2445 983 2483 et
1053 2442 1201 2483 diffuse
1271 2443 1467 2497 exposui,
1535 2441 1742 2496 quomodo

200 2505 341 2545 vivam
372 2516 560 2557 quasque
599 2502 716 2556 leges
756 2500 948 2556 sequar⁰)
993 2502 1280 2555 quantumque
1319 2501 1469 2556 religio
1502 2500 1745 2543 Christiana

296 2621 324 2711 513))
347 2617 721 2701 ilxnusedeiagiosgsjffig
725 2618 977 2708 prgssfationis
1004 2675 1091 2708 pag.
1117 2663 1251 2699 XXVI.

295 2712 322 2756 ⁸)
347 2713 453 2750 Paul.
479 2724 590 2749 carm.
616 2711 681 2754 XI,
721 2711 808 2745 18—
813 2711 869 2746 20.

296 2760 321 2803 ⁴)
349 2760 403 2796 cf.
429 2760 556 2805 Migne
582 2759 722 2794 Patrol.
750 2758 844 2792 LXI.
870 2770 955 2803 pag.
982 2759 1062 2795 461.

296 2806 323 2851 ὗ)
349 2807 471 2843 Carm.
497 2806 541 2850 X,
567 2806 729 2841 283—85
754 2804 921 2850 (Migue).

296 2853 322 2900 ⁶)
349 2855 468 2892 Carm-
494 2854 538 2890 X.
565 2854 633 2889 280
659 2864 713 2899 sq.
