1966 3192
8 191 16 215 a.»
23 173 27 179 .
18 136 25 155 Ν

958 119 1008 171 11

217 255 255 298 ei
286 257 468 313 gratiam
485 257 641 299 referre
663 258 880 309 studebat;
904 260 1006 313 quin
1023 259 1149 300 etiam
1171 258 1283 300 tanti
1299 256 1531 299 Ausonium
1553 254 1752 296 aestima-

216 316 290 359 bat
331 316 535 372 tantaque
577 332 669 359 eum
708 318 956 360 verecundia
1004 318 1180 369 colebat,
1230 320 1277 359 ut
1322 332 1375 358 ne
1419 316 1539 357 vultu
1582 314 1749 369 quidem

217 390 310 417 eum
341 376 549 418 offendere
581 377 647 418 vel
678 377 820 419 dolore
853 378 1018 419 afficere
1051 375 1275 431 auderet1).
1338 376 1451 425 Quae
1481 389 1620 415 rerum
1650 388 1751 414 con-

217 434 326 476 dicio
345 435 446 477 satis
464 435 654 478 celeriter
674 436 896 478 immutata
914 440 991 488 est,
1013 442 1108 479 'cum
1129 436 1327 477 Paulinus
1344 434 1473 477 sacris
1496 432 1749 476 Christianis

216 508 290 547 per
334 508 497 536 sacrum
548 495 760 537 lavacrum
805 496 1000 537 initiatus
1046 499 1157 537 esset
1207 499 1431 548 totumque
1486 508 1529 534 se
1581 491 1748 533 Christo

216 551 410 604 dedisset,
443 555 485 594 et
516 567 626 596 nunc
657 554 822 597 demum
855 555 1066 611 apparuit,
1115 569 1241 610 quam
1273 553 1447 595 diversis
1480 551 1630 594 animis
1661 550 1749 592 Au-

216 612 359 653 sonius
400 615 443 653 et
485 612 685 655 Paulinus
725 617 877 663 essent,
926 618 972 655 ut
1011 615 1079 655 hic
1117 616 1222 655 bene
1269 613 1535 667 intellegeret
1566 611 1646 651 sibi
1678 614 1751 651 aut

216 668 429 712 Christum
461 674 535 713 aut
566 675 880 727 praeceptorem
914 673 1169 727 sequendum
1201 670 1345 725 esse2).
1406 671 1456 712 In
1497 669 1749 724 Hispaniam

215 742 265 770 ex
295 729 530 783 Aquitania
561 745 603 771 se
633 735 860 786 receperat,
909 740 952 773 et
982 732 1193 773 Ausonius
1239 731 1309 771 diu
1351 730 1440 771 sine
1481 729 1565 770 ullo
1598 728 1749 769 nuntio

214 793 502 842 permanserat
514 790 731 845 nullasque
749 806 772 831 a
795 790 972 833 Paulino
994 791 1196 846 epistulas
1218 792 1458 845 acceperat:
1493 803 1585 830 cum
1608 786 1749 829 subito

213 846 327 888 fama
358 847 575 903 divulgata
605 853 670 891 est
691 849 912 891 Paulinum
945 850 1056 891 bona
1088 865 1161 891 sua
1192 850 1303 890 inter
1323 862 1529 904 pauperes
1558 846 1748 887 divisisse

215 908 257 948 et
287 906 389 948 locis
421 908 525 949 aviis
558 911 675 950 trans
706 913 871 950 montes
904 909 1141 964 Pyrenaeos
1173 911 1411 950 versantem
1444 907 1574 949 vitam
1620 905 1747 960 plane

214 965 267 1006 ad
289 966 573 1008 severissimas
595 968 814 1022 religionis
833 968 1096 1011 Christianae
1118 969 1232 1023 leges
1264 982 1308 1009 se
1339 965 1747 1009 accommodaturum

214 1039 301 1066 esse
349 1024 568 1079 vovisse3).
631 1026 892 1081 Quamquam
924 1027 1137 1069 Ausonius
1168 1027 1354 1068 nondum
1394 1025 1536 1067 omnia
1566 1023 1746 1080 sciebat,

213 1080 465 1138 quamquam
523 1086 708 1126 nondum
754 1086 1045 1140 suspicabatur
1091 1086 1317 1127 Paulinum
1362 1100 1410 1126 eo
1463 1083 1746 1125 abstinentiae

213 1142 409 1197 progredi
449 1142 568 1193 velle,
601 1147 648 1186 ut
678 1143 854 1195 litteras,
888 1160 990 1199 quas
1022 1148 1148 1187 antea
1179 1148 1300 1186 tanto
1333 1158 1473 1185 amore
1505 1142 1745 1197 complexus

214 1204 257 1243 et
287 1202 328 1242 in
364 1202 515 1256 quibus
547 1207 669 1245 tanta
701 1218 793 1245 cum
826 1204 949 1246 laude
993 1208 1180 1246 versatus
1213 1207 1316 1254 erat,
1349 1204 1474 1259 plane
1505 1202 1745 1243 abiecturus

213 1263 341 1311 esset,
381 1264 525 1302 tamen
565 1263 679 1304 omni
718 1263 840 1304 modo
872 1262 1094 1305 Paulinum
1139 1264 1191 1304 ab
1224 1263 1297 1304 illo
1330 1262 1504 1304 consilio
1538 1261 1745 1302 deterrere

139 1374 147 1378 p
211 1320 386 1362 studuit.
448 1321 550 1361 Tres
592 1322 795 1376 epistulas
843 1324 950 1363 trevi
1001 1323 1207 1377 temporis
1249 1322 1387 1376 spatio
1419 1321 1660 1362 intermisso
1693 1319 1745 1360 ad

212 1392 304 1418 eum
360 1377 537 1432 dedit4):
595 1380 795 1421 Paulinus
851 1380 893 1420 in
954 1381 1122 1422 silentio
1184 1380 1489 1435 perseveravit;
1550 1381 1745 1432 quartam

210 1436 520 1478 acerbissimam
565 1439 701 1480 misit:
741 1433 939 1493 ‘denique
980 1440 1120 1494 spatio
1166 1442 1366 1493 quattuor
1416 1438 1502 1479 fere
1535 1451 1742 1478 annorum

208 1495 429 1537 interiecto
472 1497 591 1538 binas
637 1498 801 1539 litteras
841 1498 1013 1552 accepit,
1066 1498 1217 1554 quibus
1248 1497 1450 1539 Paulinus
1482 1497 1533 1538 ad
1566 1495 1746 1536 Ausonii

210 1554 385 1596 crimina
435 1556 662 1610 respondet
707 1556 771 1597 vel
822 1571 871 1597 ea
921 1557 1075 1599 reicere
1127 1561 1320 1599 conatur.
1400 1556 1549 1598 Utrum
1596 1557 1745 1610 postea.

211 1628 377 1668 quoque
398 1613 612 1656 Ausonius
644 1616 844 1670 epistulas
878 1616 930 1656 ad
951 1616 1175 1657 Paulinum
1207 1616 1368 1657 dederit
1400 1630 1453 1656 an
1486 1615 1538 1655 ab
1570 1614 1642 1655 illo
1676 1628 1745 1654 ac-

209 1672 368 1727 ceperit
408 1673 543 1714 dicere
585 1683 670 1715 hon
712 1688 944 1728 possumus,
998 1689 1089 1716 cum
1135 1675 1305 1716 omnino
1353 1674 1402 1715 de
1442 1674 1521 1715 hac
1562 1687 1606 1714 re
1638 1672 1744 1714 certi

210 1731 351 1772 nuntii
381 1746 459 1773 nos
492 1732 711 1782 deficiant;
753 1734 823 1774 sed
869 1734 956 1774 veri
999 1734 1134 1775 simile
1172 1737 1242 1775 est
1272 1733 1506 1774 Ausonium
1539 1732 1651 1773 haud
1682 1731 1744 1772 ita

211 1790 341 1830 multo
373 1792 562 1844 tempore
594 1794 691 1845 post
722 1791 817 1832 illas
849 1792 1050 1846 epistulas
1091 1796 1286 1845 acceptas
1330 1806 1351 1832 e
1383 1792 1472 1831 vita
1503 1790 1741 1832 discessisse

209 1850 251 1889 et
273 1847 439 1889 Paulini
471 1863 666 1901 amorem,
700 1865 782 1904 quo
805 1850 1038 1892 Ausonium
1070 1851 1270 1900 coluerat,
1303 1851 1339 1891 si
1369 1865 1454 1891 non
1473 1849 1741 1897 exstinctum,

209 1910 254 1946 at
301 1910 411 1947 certe
457 1908 666 1949 minutum
697 1923 806 1958 esse,
859 1910 958 1962 quia
1005 1911 1049 1949 in
1081 1910 1230 1950 ceteris
1269 1909 1453 1963 scriptis,
1500 1922 1606 1961 quae
1644 1911 1743 1960 post

209 1964 311 2006 illud
343 1967 509 2020 tempus
541 1966 742 2008 Paulinus
774 1968 820 2008 in
851 1967 984 2009 lucem
1017 1968 1161 2017 edidit,
1195 1967 1264 2008 vix
1285 1967 1464 2009 Ausonii
1495 1966 1621 2007 ullam
1655 1980 1741 2006 me-

208 2024 382 2066 moriam
414 2025 613 2066 invenies.
677 2026 936 2080 Quamquam
968 2027 1122 2081 igitur,
1166 2028 1273 2068 sicut
1304 2025 1513 2080 Scaliger,
1556 2025 1738 2072 Bailius,

207 2082 426 2133 Baronius,
451 2082 759 2140 Boeckingius,
811 2085 884 2126 alii
936 2089 1051 2127 recte
1097 2086 1350 2134 iudicarunt,
1406 2099 1455 2126 ex
1506 2098 1575 2126 eo.
1628 2083 1742 2138 quod

207 2142 420 2183 Ausonius
443 2143 662 2185 consilium
685 2144 853 2186 Paulini
885 2148 972 2186 tam
1003 2146 1149 2186 acerbe
1176 2144 1457 2199 reprehendit,
1491 2158 1576 2184 non
1609 2142 1741 2183 effici-

206 2203 276 2241 tur
308 2215 400 2241 eum
421 2200 636 2243 ethnicum
664 2203 802 2253 fuisse,
836 2217 930 2243 cum
961 2206 1003 2244 et
1035 2204 1157 2244 hodie
1190 2202 1445 2244 et'omnibns
1477 2201 1740 2255 temporibus

208 2259 336 2301 etiam
379 2259 491 2300 inter
532 2259 797 2303 Christianos
840 2261 985 2303 eadem
1027 2262 1153 2303 verba
1207 2263 1256 2303 de
1303 2260 1603 2307 monachorum
1654 2259 1741 2301 vita

207 2318 320 2359 facta
352 2321 503 2367 essent,
538 2322 677 2361 tamen
711 2320 904 2374 singulae
936 2335 1013 2371 res,
1046 2335 1151 2375 quae
1183 2320 1247 2361 his
1279 2320 1435 2360 litteris
1454 2319 1739 2367 continentur,

205 2376 309 2419 satis
352 2376 528 2419 Ausonii
574 2378 821 2434 religionem
868 2378 1082 2422 ethnicam
1133 2380 1294 2421 docent.
1367 2378 1583 2428 Quomodo
1628 2377 1740 2419 enim

206 2436 418 2477 Ausonius
441 2436 577 2477 dicere
599 2440 739 2492 potuit
769 2439 1180 2493 Paulinum-paterni
1199 2439 1321 2480 amici
1338 2439 1519 2479 fortasse
1541 2435 1738 2491 pudere5)

207 2495 271 2535 vel
303 2495 473 2546 timere,
514 2509 565 2537 ne
606 2496 686 2538 sibi
733 2497 918 2539 amicitia
958 2512 1050 2539 cum
1081 2498 1268 2540 Ausonio
1300 2497 1407 2538 inita
1439 2496 1604 2538 crimini
1636 2495 1738 2537 adeo

206 2553 492 2608 verteretur6),
527 2555 562 2595 si
593 2555 663 2597 ille
695 2556 957 2599 Christianus
988 2558 1172 2599 fuisset?

300 2671 325 2713 ¹)
350 2672 446 2708 Buse
471 2672 498 2707 1.
524 2671 547 2709 l.
574 2672 601 2707 Ι.
627 2684 712 2717 pag.
741 2673 818 2707 122.

299 2717 326 2805 ῖς
481 2719 724 2802 aa}

298 2813 327 2878 ἒ)
352 2813 403 2849 Cf.
428 2778 795 2866 ilignefiai'roglbgie
822 2779 895 2850 vocll.¹
917 2815 1011 2850 LXI.
1038 2828 1122 2861 pag.
1151 2817 1229 2851 452.

314 2860 326 2902 )
350 2860 486 2895 Auson.
512 2863 621 2905 epist.
648 2861 704 2903 23,
731 2862 786 2896 67.

296 2905 322 2950 ⁶)
349 2907 484 2945 Auson.
511 2908 619 2954 epist.
647 2908 701 2952 23,
729 2909 784 2944 30.
