1966 3192
959 85 1014 127 26

213 223 325 268 Verg.
350 223 443 259 Aen.
468 222 529 265 VI,
554 224 623 259 448
648 235 702 268 sq.
985 248 993 255 .
1018 245 1028 255 .
1053 247 1061 255 .
1085 247 1094 255 .
1118 228 1230 256 nunc
1258 213 1416 256 femina
1446 214 1678 257 Caeneus

352 269 515 312 Rursus
546 270 674 314 etin
705 274 949 313 veterem
977 271 1067 313 fato
1098 270 1612 328 revoluta-figuram

213 352 301 387 Aue.
327 352 380 387 Id.
405 352 468 395 VI,
495 353 539 387 19
564 363 617 397 sq.
983 375 990 384 .
1016 377 1026 386 .
1049 376 1057 385 .
1083 374 1092 383 .
1118 356 1220 384 sexu
1250 343 1396 398 gavisa
1425 344 1538 385 virili

354 400 517 442 Maeret
547 400 589 441 in
623 401 903 456 antiquam
932 400 1127 443 Caenis
1157 403 1414 444 revocata
1452 401 1687 458 figuram

215 504 325 550 Verg.
350 505 427 539 Ecl.
453 504 517 547 VI,
542 506 599 540 46.

355 550 594 608 Pasiphaen
626 553 678 595 ni
691 568 714 593 v
725 567 746 595 e
759 553 774 594 i
803 553 964 596 solatur
995 567 1136 596 amore
1166 554 1215 595 iu
1231 568 1256 595 v
1269 568 1290 595 e
1301 568 1328 595 n
1342 554 1390 596 ci

215 622 302 657 Aus.
327 621 379 656 Id.
405 621 463 664 Vl,
488 622 545 658 30.
1072 633 1075 636 ’

356 669 389 711 Ρ
403 670 516 725 asip
531 670 627 712 hae
658 670 744 712 niv
759 686 780 713 e
795 672 810 713 i
840 671 1032 726 sequitur
1064 671 1244 727 vestigia
1275 672 1418 713 tauri

219 775 331 820 Verg.
356 775 446 811 Aen.
472 775 549 818 XII,
574 776 619 811 68
645 778 683 811 et
708 777 763 811 69.

357 822 402 864 Si
433 823 526 877 quis
558 824 670 874 ebur,
704 828 777 865 aut
807 824 976 865 mixta
1007 824 1159 865 rubent
1190 825 1261 865 ubi
1290 824 1417 866 lilia
1449 825 1620 866 multa

356 881 494 923 Alba
524 896 668 924 rosa:
701 883 838 924 talis
870 883 1020 938 virgo
1052 883 1182 924 dabat
1212 897 1301 924 ore
1333 883 1562 925 colores.

217 950 304 985 Aus.
330 950 382 985 Id.
408 950 486 987 VII.
513 952 558 986 ad
586 951 674 997 pict.
701 952 746 987 de
771 952 904 987 Bissul.
930 951 1093 997 imagine
1119 952 1139 986 5
1166 953 1204 987 et
1228 953 1248 987 6

359 998 563 1041 Puniceas
594 999 801 1041 confunde
833 1014 987 1041 rosas
1019 1003 1060 1040 et
1090 999 1217 1040 lilia
1258 1000 1453 1041 misce:

358 1057 563 1113 Quique
595 1059 698 1101 erit
729 1073 789 1101 ex
818 1059 938 1101 illis
970 1053 1108 1102 colei·
1139 1059 1259 1111 aeris,
1291 1059 1380 1115 ipse
1402 1059 1458 1102 sit
1488 1059 1607 1101 oris.

220 1162 329 1208 Verg.
355 1163 445 1198 Aen.
471 1163 534 1198 VI.
559 1163 638 1198 325.

359 1211 633 1262 Haeeomnis‚
645 1226 767 1266 quam
780 1213 1094 1266 cernis‚inops
1112 1212 1491 1266 inhumataque
1511 1212 1659 1253 turba
1671 1214 1748 1254 est.

220 1280 308 1315 Ans.
333 1281 422 1315 Mos.
448 1281 481 1316 4.

283 1329 286 1331 ’
359 1328 708 1383 Infletaeque
741 1329 882 1378 iacent
912 1329 1107 1383 inopes
1140 1343 1264 1382 super
1295 1344 1395 1371 arva
1427 1331 1705 1370 catervae.

220 1430 331 1477 Verg.
358 1431 491 1478 Georg.
515 1431 559 1473 11,
586 1433 652 1467 103
669 1444 722 1477 sq.

360 1480 460 1522 Sed
501 1495 671 1535 neque
712 1495 864 1535 quam
904 1480 1108 1522 multae
1150 1481 1366 1534 species
1406 1495 1500 1522 nec
1543 1480 1750 1522 nomina

502 1554 609 1594 quae
639 1539 740 1588 sint,

360 1597 456 1639 Est
486 1613 758 1648 numerus3
803 1612 936 1652 neque
970 1599 1082 1639 enim
1113 1612 1325 1640 numero
1358 1597 1750 1651 comprendere

500 1657 687 1699 refert

221 1726 307 1760 Aus.
333 1726 423 1760 Mos.
450 1728 492 1760 77
519 1738 571 1770 sq.

362 1772 457 1814 Sed
488 1788 660 1829 neque
693 1776 774 1815 tot
803 1773 1010 1828 species
1042 1773 1360 1828 obliquatosque
1391 1775 1564 1814 natatus
1596 1805 1605 1814 .
1627 1804 1637 1813 .

361 1831 403 1873 N
416 1833 698 1887 ominaque
728 1836 771 1875 et
802 1837 974 1874 cunctos
1006 1847 1250 1874 numerosae
1281 1832 1428 1887 stirpis
1459 1831 1650 1873 alumnos

364 1890 536 1932 Edere
567 1891 660 1932 fas.

223 1997 334 2042 Verg.
360 1997 450 2031 Aen.
475 1996 518 2037 II,
544 1997 622 2031 782.

362 2044 480 2086 Inter
509 2044 650 2099 opima
682 2044 813 2085 virum
846 2044 929 2084 len
943 2043 958 2084 i
988 2043 1009 2084 f
1017 2044 1032 2084 l
1047 2059 1071 2085 u
1084 2044 1129 2084 it
1160 2058 1184 2084 a
1196 2057 1277 2098 gm
1291 2043 1343 2084 in
1355 2057 1376 2084 e
1408 2042 1589 2097 Thybris

223 2114 308 2149 Aus.
334 2115 423 2149 Mos.
448 2115 529 2152 245.

363 2163 444 2203 Ast
475 2162 572 2203 hine
612 2162 924 2215 tranquillo
963 2176 1045 2216 qua
1089 2161 1307 2203 labitur
1349 2160 1566 2215 agmine
1597 2159 1751 2200 flumen

224 2266 335 2312 Verg.
360 2267 450 2302 Aen.
476 2267 538 2308 VI,
556 2267 600 2302 32
624 2279 677 2311 sq.
1539 2264 1752 2307 (Daedalus)

364 2315 450 2356 Bis
484 2318 714 2356 conatus
747 2318 837 2356 erat
869 2329 1024 2356 casus
1056 2313 1336 2369 effingere
1367 2313 1421 2354 in
1453 2327 1596 2362 auro,

363 2373 437 2415 Bis
469 2374 683 2428 patriae
714 2374 897 2416 cecidere
929 2387 1125 2414 manus.

223 2444 310 2478 Aus.
337 2444 426 2478 Mos.
452 2444 517 2478 301
546 2455 599 2488 sq.
1329 2469 1336 2477 .
1355 2469 1363 2477 ,
1381 2468 1389 2476 .
1410 2468 1417 2476 .
1443 2439 1545 2476 aedis

365 2491 567 2533 Conditor
595 2491 819 2541 Euboicae,
853 2504 1008 2532 casus
1039 2504 1190 2545 quem
1222 2490 1431 2544 fingere
1462 2486 1523 2528 'in
1566 2502 1695 2529 auro

366 2549 654 2592 Conantem
686 2549 843 2591 Icarios
875 2548 1054 2604 patrii
1085 2549 1282 2604 pepulere
1314 2547 1543 2589 dolores.

224 2667 336 2713 Verg.
362 2667 453 2704 Aen.
479 2666 540 2708 VI,
565 2667 644 2702 859.

365 2715 400 2758 Τ
412 2729 462 2757 er
473 2719 493 2758 t
503 2715 520 2757 ·i
530 2730 592 2770 aq
601 2730 628 2757 u
638 2730 660 2756 e
693 2730 717 2757 a
727 2729 798 2756 rm
809 2729 833 2756 a
864 2714 978 2769 patri
1008 2714 1241 2770 suspendet,
1265 2729 1286 2756 c
1298 2728 1323 2755 a
1333 2728 1361 2768 p
1371 2715 1390 2754 t
1401 2728 1426 2754 a
1457 2711 1644 2762 Quirino.

226 2788 312 2823 Aus.
337 2786 390 2821 Id.
416 2785 499 2827 XII,
525 2785 571 2819 de
599 2784 686 2820 hist.
714 2786 768 2819 15.

367 2833 562 2877 Tertia
604 2833 770 2888 opima
809 2832 963 2874 dedit
992 2832 1268 2888 spoliatus
1299 2830 1565 2873 Aremoricus
1594 2829 1710 2872 Lars.
