<?xml version="1.0" encoding="UTF-8"?>
<!DOCTYPE html PUBLIC "-//W3C//DTD XHTML 1.0 Transitional//EN"
    "http://www.w3.org/TR/xhtml1/DTD/xhtml1-transitional.dtd">
<html xmlns="http://www.w3.org/1999/xhtml" xml:lang="en" lang="en">
 <head>
  <title>
</title>
<meta http-equiv="Content-Type" content="text/html;charset=utf-8" />
  <meta name='ocr-system' content='tesseract 3.04.00' />
  <meta name='ocr-capabilities' content='ocr_page ocr_carea ocr_par ocr_line ocrx_word'/>
</head>
<body>
  <div class='ocr_page' id='page_1' title='image "4737847_0039.png"; bbox 0 0 1966 3192; ppageno 0'>
   <div class='ocr_carea' id='block_1_1' title="bbox 952 129 1007 171">
    <p class='ocr_par' dir='ltr' id='par_1_1' title="bbox 952 129 1007 171">
     <span class='ocr_line' id='line_1_1' title="bbox 952 129 1007 171; baseline 0 0"><span class='ocrx_word' id='word_1_1' title='bbox 952 129 1007 171; x_wconf 89' lang='grc'><strong>29</strong></span> 
     </span>
    </p>
   </div>
   <div class='ocr_carea' id='block_1_2' title="bbox 851 188 1126 194">
    <p class='ocr_par' dir='ltr' id='par_1_2' title="bbox 851 188 1126 194">
     <span class='ocr_line' id='line_1_2' title="bbox 851 188 1126 194; baseline 0 0"><span class='ocrx_word' id='word_1_2' title='bbox 851 188 1126 194; x_wconf 95' lang='lat' dir='ltr'><strong> </strong></span> 
     </span>
    </p>
   </div>
   <div class='ocr_carea' id='block_1_3' title="bbox 222 256 1754 317">
    <p class='ocr_par' dir='ltr' id='par_1_3' title="bbox 222 256 1754 317">
     <span class='ocr_line' id='line_1_3' title="bbox 222 256 1754 317; baseline 0.001 -17"><span class='ocrx_word' id='word_1_3' title='bbox 222 257 317 301; x_wconf 89' lang='lat' dir='ltr'>III.</span> <span class='ocrx_word' id='word_1_4' title='bbox 378 256 719 314; x_wconf 79' lang='lat' dir='ltr'><strong>Comparantur</strong></span> <span class='ocrx_word' id='word_1_5' title='bbox 748 258 785 301; x_wconf 87' lang='lat' dir='ltr'><strong>ii</strong></span> <span class='ocrx_word' id='word_1_6' title='bbox 815 269 1001 314; x_wconf 81' lang='lat' dir='ltr'><strong>versus,</strong></span> <span class='ocrx_word' id='word_1_7' title='bbox 1048 258 1127 317; x_wconf 83' lang='lat' dir='ltr'><strong>qui</strong></span> <span class='ocrx_word' id='word_1_8' title='bbox 1172 258 1220 301; x_wconf 83' lang='lat' dir='ltr'><strong>et</strong></span> <span class='ocrx_word' id='word_1_9' title='bbox 1264 258 1385 312; x_wconf 81' lang='lat' dir='ltr'><strong>apud</strong></span> <span class='ocrx_word' id='word_1_10' title='bbox 1415 258 1673 312; x_wconf 77' lang='lat' dir='ltr'><strong>Vergilium</strong></span> <span class='ocrx_word' id='word_1_11' title='bbox 1707 259 1754 302; x_wconf 84' lang='lat' dir='ltr'><strong>et</strong></span> 
     </span>
    </p>
   </div>
   <div class='ocr_carea' id='block_1_4' title="bbox 161 327 1752 383">
    <p class='ocr_par' dir='ltr' id='par_1_4' title="bbox 161 327 1752 383">
     <span class='ocr_line' id='line_1_4' title="bbox 161 327 1752 383; baseline 0 -12"><span class='ocrx_word' id='word_1_12' title='bbox 161 381 163 383; x_wconf 21' lang='grc' dir='ltr'>Ι</span> <span class='ocrx_word' id='word_1_13' title='bbox 222 328 343 383; x_wconf 80' lang='lat' dir='ltr'><strong>apud</strong></span> <span class='ocrx_word' id='word_1_14' title='bbox 375 327 628 371; x_wconf 82' lang='lat' dir='ltr'><strong>Ausonium</strong></span> <span class='ocrx_word' id='word_1_15' title='bbox 660 328 720 371; x_wconf 79' lang='lat' dir='ltr'><strong>ab</strong></span> <span class='ocrx_word' id='word_1_16' title='bbox 750 328 919 372; x_wconf 84' lang='lat' dir='ltr'><strong>iisdem</strong></span> <span class='ocrx_word' id='word_1_17' title='bbox 949 328 1024 372; x_wconf 82' lang='lat' dir='ltr'><strong>vel</strong></span> <span class='ocrx_word' id='word_1_18' title='bbox 1055 327 1289 372; x_wconf 84' lang='lat' dir='ltr'><strong>similibus</strong></span> <span class='ocrx_word' id='word_1_19' title='bbox 1320 329 1476 372; x_wconf 83' lang='lat' dir='ltr'><strong>vorbis</strong></span> <span class='ocrx_word' id='word_1_20' title='bbox 1507 329 1752 383; x_wconf 83' lang='lat' dir='ltr'><strong>incipiunt.</strong></span> 
     </span>
    </p>
   </div>
   <div class='ocr_carea' id='block_1_5' title="bbox 362 425 1395 540">
    <p class='ocr_par' dir='ltr' id='par_1_5' title="bbox 362 425 1395 540">
     <span class='ocr_line' id='line_1_5' title="bbox 362 425 1364 480; baseline -0.003 -10"><span class='ocrx_word' id='word_1_21' title='bbox 362 434 474 480; x_wconf 86' lang='lat' dir='ltr'><strong>Verg.</strong></span> <span class='ocrx_word' id='word_1_22' title='bbox 499 436 589 470; x_wconf 78' lang='lat' dir='ltr'><strong>Aen.</strong></span> <span class='ocrx_word' id='word_1_23' title='bbox 616 435 645 477; x_wconf 83' lang='grc' dir='ltr'><strong>Ι,</strong></span> <span class='ocrx_word' id='word_1_24' title='bbox 678 436 709 470; x_wconf 95' lang='grc'><strong>1.</strong></span> <span class='ocrx_word' id='word_1_25' title='bbox 843 425 972 467; x_wconf 86' lang='lat' dir='ltr'><strong>Arma</strong></span> <span class='ocrx_word' id='word_1_26' title='bbox 1012 425 1227 479; x_wconf 84' lang='lat' dir='ltr'><strong>virumque</strong></span> <span class='ocrx_word' id='word_1_27' title='bbox 1259 439 1364 467; x_wconf 86' lang='lat' dir='ltr'><strong>cano</strong></span> 
     </span>
     <span class='ocr_line' id='line_1_6' title="bbox 362 484 1395 540; baseline -0.002 -12"><span class='ocrx_word' id='word_1_28' title='bbox 362 494 447 529; x_wconf 80' lang='lat' dir='ltr'>Aus.</span> <span class='ocrx_word' id='word_1_29' title='bbox 472 493 598 540; x_wconf 87' lang='lat' dir='ltr'><strong>Epigr.</strong></span> <span class='ocrx_word' id='word_1_30' title='bbox 629 493 707 537; x_wconf 85' lang='lat'>137,</span> <span class='ocrx_word' id='word_1_31' title='bbox 735 495 766 529; x_wconf 92' lang='lat'>1.</span> <span class='ocrx_word' id='word_1_32' title='bbox 836 484 965 526; x_wconf 85' lang='lat' dir='ltr'><strong>Arma</strong></span> <span class='ocrx_word' id='word_1_33' title='bbox 995 484 1211 539; x_wconf 85' lang='lat' dir='ltr'><strong>virumque</strong></span> <span class='ocrx_word' id='word_1_34' title='bbox 1242 484 1395 526; x_wconf 82' lang='lat' dir='ltr'><strong>docens</strong></span> 
     </span>
    </p>
   </div>
   <div class='ocr_carea' id='block_1_6' title="bbox 361 567 1350 680">
    <p class='ocr_par' dir='ltr' id='par_1_6' title="bbox 361 567 1350 680">
     <span class='ocr_line' id='line_1_7' title="bbox 362 567 1329 623; baseline -0.004 -12"><span class='ocrx_word' id='word_1_35' title='bbox 362 576 472 623; x_wconf 83' lang='lat' dir='ltr'><strong>Verg.</strong></span> <span class='ocrx_word' id='word_1_36' title='bbox 497 578 587 612; x_wconf 86' lang='lat' dir='ltr'><strong>Aen.</strong></span> <span class='ocrx_word' id='word_1_37' title='bbox 614 578 657 620; x_wconf 92' lang='lat' dir='ltr'><strong>X,</strong></span> <span class='ocrx_word' id='word_1_38' title='bbox 682 579 760 613; x_wconf 87' lang='lat'>507.</span> <span class='ocrx_word' id='word_1_39' title='bbox 830 567 865 609; x_wconf 87' lang='lat' dir='ltr'>O</span> <span class='ocrx_word' id='word_1_40' title='bbox 897 567 1014 608; x_wconf 89' lang='lat' dir='ltr'><strong>dolor</strong></span> <span class='ocrx_word' id='word_1_41' title='bbox 1046 571 1174 622; x_wconf 86' lang='lat' dir='ltr'><strong>atque</strong></span> <span class='ocrx_word' id='word_1_42' title='bbox 1206 567 1329 608; x_wconf 83' lang='lat' dir='ltr'><strong>decus</strong></span> 
     </span>
     <span class='ocr_line' id='line_1_8' title="bbox 361 625 1350 680; baseline -0.005 -10"><span class='ocrx_word' id='word_1_43' title='bbox 361 635 448 670; x_wconf 81' lang='lat' dir='ltr'>Aus.</span> <span class='ocrx_word' id='word_1_44' title='bbox 469 636 614 670; x_wconf 79' lang='lat' dir='ltr'><strong>Parent.</strong></span> <span class='ocrx_word' id='word_1_45' title='bbox 626 635 689 677; x_wconf 89' lang='lat' dir='ltr'><strong>IX,</strong></span> <span class='ocrx_word' id='word_1_46' title='bbox 715 636 770 670; x_wconf 87' lang='lat'>24.</span> <span class='ocrx_word' id='word_1_47' title='bbox 835 625 890 666; x_wconf 76' lang='lat' dir='ltr'><strong>Et</strong></span> <span class='ocrx_word' id='word_1_48' title='bbox 921 625 1039 667; x_wconf 88' lang='lat' dir='ltr'><strong>dolor</strong></span> <span class='ocrx_word' id='word_1_49' title='bbox 1070 629 1197 680; x_wconf 83' lang='lat' dir='ltr'><strong>atque</strong></span> <span class='ocrx_word' id='word_1_50' title='bbox 1227 626 1350 666; x_wconf 79' lang='lat' dir='ltr'><strong>decus</strong></span> 
     </span>
    </p>
   </div>
   <div class='ocr_carea' id='block_1_7' title="bbox 361 708 1360 819">
    <p class='ocr_par' dir='ltr' id='par_1_7' title="bbox 361 708 1360 819">
     <span class='ocr_line' id='line_1_9' title="bbox 362 708 1323 762; baseline -0.004 -10"><span class='ocrx_word' id='word_1_51' title='bbox 362 717 474 762; x_wconf 85' lang='lat' dir='ltr'><strong>Verg.</strong></span> <span class='ocrx_word' id='word_1_52' title='bbox 499 718 574 753; x_wconf 84' lang='lat' dir='ltr'>Ecl.</span> <span class='ocrx_word' id='word_1_53' title='bbox 602 718 647 760; x_wconf 91' lang='lat' dir='ltr'><strong>V,</strong></span> <span class='ocrx_word' id='word_1_54' title='bbox 672 718 729 752; x_wconf 86' lang='lat'>34.</span> <span class='ocrx_word' id='word_1_55' title='bbox 837 708 900 752; x_wconf 82' lang='lat' dir='ltr'><strong>Tu</strong></span> <span class='ocrx_word' id='word_1_56' title='bbox 931 708 1054 750; x_wconf 81' lang='lat' dir='ltr'><strong>decus</strong></span> <span class='ocrx_word' id='word_1_57' title='bbox 1087 722 1208 750; x_wconf 88' lang='lat' dir='ltr'><strong>omne</strong></span> <span class='ocrx_word' id='word_1_58' title='bbox 1238 708 1323 749; x_wconf 91' lang='lat' dir='ltr'><strong>tuis</strong></span> 
     </span>
     <span class='ocr_line' id='line_1_10' title="bbox 361 766 1360 819; baseline -0.004 -8"><span class='ocrx_word' id='word_1_59' title='bbox 361 776 775 819; x_wconf 87' lang='lat' dir='ltr'>Aus.Prof.XXIV,11.</span> <span class='ocrx_word' id='word_1_60' title='bbox 837 766 942 809; x_wconf 86' lang='lat' dir='ltr'><strong>Tam</strong></span> <span class='ocrx_word' id='word_1_61' title='bbox 973 767 1097 809; x_wconf 79' lang='lat' dir='ltr'><strong>decus</strong></span> <span class='ocrx_word' id='word_1_62' title='bbox 1125 782 1245 808; x_wconf 89' lang='lat' dir='ltr'><strong>omne</strong></span> <span class='ocrx_word' id='word_1_63' title='bbox 1277 767 1360 808; x_wconf 87' lang='lat' dir='ltr'><strong>tuis</strong></span> 
     </span>
    </p>
   </div>
   <div class='ocr_carea' id='block_1_8' title="bbox 362 848 1282 962">
    <p class='ocr_par' dir='ltr' id='par_1_8' title="bbox 362 848 1282 962">
     <span class='ocr_line' id='line_1_11' title="bbox 362 848 1279 902; baseline -0.002 -11"><span class='ocrx_word' id='word_1_64' title='bbox 362 858 473 902; x_wconf 85' lang='lat' dir='ltr'><strong>Verg.</strong></span> <span class='ocrx_word' id='word_1_65' title='bbox 499 859 591 894; x_wconf 88' lang='lat' dir='ltr'><strong>Aen.</strong></span> <span class='ocrx_word' id='word_1_66' title='bbox 617 858 646 900; x_wconf 94' lang='grc' dir='ltr'><strong>Ι,</strong></span> <span class='ocrx_word' id='word_1_67' title='bbox 672 859 726 893; x_wconf 87' lang='lat'><strong>33.</strong></span> <span class='ocrx_word' id='word_1_68' title='bbox 843 848 1005 889; x_wconf 84' lang='lat' dir='ltr'><strong>Tantae</strong></span> <span class='ocrx_word' id='word_1_69' title='bbox 1036 849 1156 902; x_wconf 85' lang='lat' dir='ltr'><strong>molis</strong></span> <span class='ocrx_word' id='word_1_70' title='bbox 1188 852 1279 889; x_wconf 85' lang='lat' dir='ltr'><strong>erat</strong></span> 
     </span>
     <span class='ocr_line' id='line_1_12' title="bbox 362 905 1282 962; baseline -0.002 -11"><span class='ocrx_word' id='word_1_71' title='bbox 362 915 828 962; x_wconf 83' lang='lat' dir='ltr'>Aus.Clar.Urb.XIII,15.</span> <span class='ocrx_word' id='word_1_72' title='bbox 848 905 1009 949; x_wconf 85' lang='lat' dir='ltr'><strong>Tantae</strong></span> <span class='ocrx_word' id='word_1_73' title='bbox 1039 907 1160 950; x_wconf 84' lang='lat' dir='ltr'><strong>molis</strong></span> <span class='ocrx_word' id='word_1_74' title='bbox 1191 913 1282 949; x_wconf 89' lang='lat' dir='ltr'><strong>erat</strong></span> 
     </span>
    </p>
   </div>
   <div class='ocr_carea' id='block_1_9' title="bbox 362 988 1609 1046">
    <p class='ocr_par' dir='ltr' id='par_1_9' title="bbox 362 988 1609 1046">
     <span class='ocr_line' id='line_1_13' title="bbox 362 988 1609 1046; baseline 0 -14"><span class='ocrx_word' id='word_1_75' title='bbox 362 998 472 1043; x_wconf 86' lang='lat' dir='ltr'><strong>Verg.</strong></span> <span class='ocrx_word' id='word_1_76' title='bbox 498 999 587 1033; x_wconf 89' lang='lat' dir='ltr'><strong>Aen.</strong></span> <span class='ocrx_word' id='word_1_77' title='bbox 614 999 678 1041; x_wconf 90' lang='lat' dir='ltr'><strong>IV,</strong></span> <span class='ocrx_word' id='word_1_78' title='bbox 706 1000 758 1033; x_wconf 87' lang='lat'>13.</span> <span class='ocrx_word' id='word_1_79' title='bbox 847 988 1086 1044; x_wconf 84' lang='lat' dir='ltr'><strong>Degeneres</strong></span> <span class='ocrx_word' id='word_1_80' title='bbox 1117 989 1278 1030; x_wconf 83' lang='lat' dir='ltr'><strong>animos</strong></span> <span class='ocrx_word' id='word_1_81' title='bbox 1310 990 1435 1031; x_wconf 84' lang='lat' dir='ltr'><strong>timor</strong></span> <span class='ocrx_word' id='word_1_82' title='bbox 1466 991 1609 1046; x_wconf 87' lang='lat' dir='ltr'><strong>arguit</strong></span> 
     </span>
    </p>
   </div>
   <div class='ocr_carea' id='block_1_10' title="bbox 360 1046 1631 1240">
    <p class='ocr_par' dir='ltr' id='par_1_10' title="bbox 360 1046 1631 1240">
     <span class='ocr_line' id='line_1_14' title="bbox 360 1046 1610 1104; baseline -0.001 -13"><span class='ocrx_word' id='word_1_83' title='bbox 360 1057 447 1094; x_wconf 81' lang='lat' dir='ltr'>Aus.</span> <span class='ocrx_word' id='word_1_84' title='bbox 473 1052 525 1091; x_wconf 87' lang='lat' dir='ltr'>Id.</span> <span class='ocrx_word' id='word_1_85' title='bbox 551 1056 615 1099; x_wconf 89' lang='lat' dir='ltr'><strong>IV,</strong></span> <span class='ocrx_word' id='word_1_86' title='bbox 641 1058 697 1093; x_wconf 87' lang='lat'>26.</span> <span class='ocrx_word' id='word_1_87' title='bbox 846 1046 1082 1102; x_wconf 78' lang='lat' dir='ltr'><strong>Degeneres</strong></span> <span class='ocrx_word' id='word_1_88' title='bbox 1118 1048 1279 1090; x_wconf 83' lang='lat' dir='ltr'><strong>animos</strong></span> <span class='ocrx_word' id='word_1_89' title='bbox 1309 1049 1437 1090; x_wconf 85' lang='lat' dir='ltr'><strong>timor</strong></span> <span class='ocrx_word' id='word_1_90' title='bbox 1467 1050 1610 1104; x_wconf 85' lang='lat' dir='ltr'><strong>arguit</strong></span> 
     </span>
     <span class='ocr_line' id='line_1_15' title="bbox 360 1119 1578 1183; baseline 0 -11"><span class='ocrx_word' id='word_1_91' title='bbox 360 1138 472 1183; x_wconf 81' lang='lat' dir='ltr'><strong>Verg.</strong></span> <span class='ocrx_word' id='word_1_92' title='bbox 506 1139 582 1174; x_wconf 74' lang='lat' dir='ltr'><strong>Eoi.</strong></span> <span class='ocrx_word' id='word_1_93' title='bbox 615 1139 678 1182; x_wconf 81' lang='lat' dir='ltr'><strong>IX,</strong></span> <span class='ocrx_word' id='word_1_94' title='bbox 718 1141 771 1175; x_wconf 88' lang='lat'>53.</span> <span class='ocrx_word' id='word_1_95' title='bbox 844 1129 967 1171; x_wconf 82' lang='lat' dir='ltr'><strong>Nunc</strong></span> <span class='ocrx_word' id='word_1_96' title='bbox 999 1130 1131 1171; x_wconf 78' lang='lat' dir='ltr'><strong>oblita</strong></span> <span class='ocrx_word' id='word_1_97' title='bbox 1162 1129 1264 1171; x_wconf 81' lang='lat' dir='ltr'><strong>mihi</strong></span> <span class='ocrx_word' id='word_1_98' title='bbox 1295 1134 1362 1171; x_wconf 72' lang='lat' dir='ltr'><strong>tot</strong></span> <span class='ocrx_word' id='word_1_99' title='bbox 1392 1119 1578 1172; x_wconf 80' lang='lat' dir='ltr'><strong>car&#39;mina</strong></span> 
     </span>
     <span class='ocr_line' id='line_1_16' title="bbox 360 1187 1631 1240; baseline 0 -8"><span class='ocrx_word' id='word_1_100' title='bbox 360 1198 445 1232; x_wconf 80' lang='lat' dir='ltr'>Aus.</span> <span class='ocrx_word' id='word_1_101' title='bbox 473 1197 527 1232; x_wconf 89' lang='lat' dir='ltr'>Id.</span> <span class='ocrx_word' id='word_1_102' title='bbox 553 1197 621 1240; x_wconf 90' lang='lat' dir='ltr'><strong>IV,</strong></span> <span class='ocrx_word' id='word_1_103' title='bbox 648 1199 702 1233; x_wconf 83' lang='lat'>52.</span> <span class='ocrx_word' id='word_1_104' title='bbox 844 1187 1019 1238; x_wconf 83' lang='lat' dir='ltr'><strong>Quando</strong></span> <span class='ocrx_word' id='word_1_105' title='bbox 1051 1189 1184 1231; x_wconf 88' lang='lat' dir='ltr'><strong>oblita</strong></span> <span class='ocrx_word' id='word_1_106' title='bbox 1213 1188 1317 1230; x_wconf 91' lang='lat' dir='ltr'><strong>mihi</strong></span> <span class='ocrx_word' id='word_1_107' title='bbox 1348 1193 1415 1231; x_wconf 83' lang='lat' dir='ltr'><strong>tot</strong></span> <span class='ocrx_word' id='word_1_108' title='bbox 1446 1192 1631 1232; x_wconf 84' lang='lat' dir='ltr'><strong>carmina</strong></span> 
     </span>
    </p>
   </div>
   <div class='ocr_carea' id='block_1_11' title="bbox 359 1271 1233 1386">
    <p class='ocr_par' dir='ltr' id='par_1_11' title="bbox 359 1271 1233 1386">
     <span class='ocr_line' id='line_1_17' title="bbox 359 1271 1233 1326; baseline -0.001 -12"><span class='ocrx_word' id='word_1_109' title='bbox 359 1280 472 1325; x_wconf 84' lang='lat' dir='ltr'><strong>Verg.</strong></span> <span class='ocrx_word' id='word_1_110' title='bbox 498 1281 586 1315; x_wconf 81' lang='lat' dir='ltr'><strong>Aen.</strong></span> <span class='ocrx_word' id='word_1_111' title='bbox 614 1281 677 1322; x_wconf 89' lang='lat' dir='ltr'><strong>VI,</strong></span> <span class='ocrx_word' id='word_1_112' title='bbox 703 1282 780 1316; x_wconf 87' lang='lat'>887.</span> <span class='ocrx_word' id='word_1_113' title='bbox 845 1271 968 1312; x_wconf 88' lang='lat' dir='ltr'><strong>Aeris</strong></span> <span class='ocrx_word' id='word_1_114' title='bbox 999 1272 1043 1311; x_wconf 89' lang='lat' dir='ltr'><strong>in</strong></span> <span class='ocrx_word' id='word_1_115' title='bbox 1075 1272 1233 1326; x_wconf 80' lang='lat' dir='ltr'><strong>campis</strong></span> 
     </span>
     <span class='ocr_line' id='line_1_18' title="bbox 360 1330 1229 1386; baseline -0.003 -12"><span class='ocrx_word' id='word_1_116' title='bbox 360 1339 446 1374; x_wconf 80' lang='lat' dir='ltr'>Aus.</span> <span class='ocrx_word' id='word_1_117' title='bbox 473 1339 526 1376; x_wconf 90' lang='lat' dir='ltr'>1d.</span> <span class='ocrx_word' id='word_1_118' title='bbox 551 1335 628 1381; x_wconf 88' lang='lat' dir='ltr'><strong>VI,</strong></span> <span class='ocrx_word' id='word_1_119' title='bbox 656 1340 686 1374; x_wconf 92' lang='lat'>1.</span> <span class='ocrx_word' id='word_1_120' title='bbox 847 1330 965 1371; x_wconf 83' lang='lat' dir='ltr'><strong>Aeris</strong></span> <span class='ocrx_word' id='word_1_121' title='bbox 995 1330 1039 1371; x_wconf 91' lang='lat' dir='ltr'><strong>in</strong></span> <span class='ocrx_word' id='word_1_122' title='bbox 1072 1331 1229 1386; x_wconf 83' lang='lat' dir='ltr'><strong>eampis</strong></span> 
     </span>
    </p>
   </div>
   <div class='ocr_carea' id='block_1_12' title="bbox 360 1412 1429 1467">
    <p class='ocr_par' dir='ltr' id='par_1_12' title="bbox 360 1412 1429 1467">
     <span class='ocr_line' id='line_1_19' title="bbox 360 1412 1429 1467; baseline -0.001 -12"><span class='ocrx_word' id='word_1_123' title='bbox 360 1420 472 1466; x_wconf 86' lang='lat' dir='ltr'><strong>Verg.</strong></span> <span class='ocrx_word' id='word_1_124' title='bbox 497 1421 589 1456; x_wconf 87' lang='lat' dir='ltr'><strong>Aen.</strong></span> <span class='ocrx_word' id='word_1_125' title='bbox 616 1421 679 1463; x_wconf 90' lang='lat' dir='ltr'><strong>VI,</strong></span> <span class='ocrx_word' id='word_1_126' title='bbox 704 1422 784 1457; x_wconf 86' lang='lat'>451.</span> <span class='ocrx_word' id='word_1_127' title='bbox 850 1412 1031 1453; x_wconf 89' lang='lat' dir='ltr'><strong>Errabat</strong></span> <span class='ocrx_word' id='word_1_128' title='bbox 1061 1412 1168 1453; x_wconf 85' lang='lat' dir='ltr'><strong>silva</strong></span> <span class='ocrx_word' id='word_1_129' title='bbox 1198 1413 1242 1453; x_wconf 88' lang='lat' dir='ltr'><strong>in</strong></span> <span class='ocrx_word' id='word_1_130' title='bbox 1275 1426 1429 1467; x_wconf 87' lang='lat' dir='ltr'><strong>magna</strong></span> 
     </span>
    </p>
   </div>
   <div class='ocr_carea' id='block_1_13' title="bbox 359 1467 1441 1667">
    <p class='ocr_par' dir='ltr' id='par_1_13' title="bbox 359 1467 1441 1667">
     <span class='ocr_line' id='line_1_20' title="bbox 359 1467 1441 1526; baseline -0.001 -12"><span class='ocrx_word' id='word_1_131' title='bbox 359 1480 444 1515; x_wconf 82' lang='lat' dir='ltr'>Aus.</span> <span class='ocrx_word' id='word_1_132' title='bbox 471 1480 524 1515; x_wconf 91' lang='lat' dir='ltr'>Id.</span> <span class='ocrx_word' id='word_1_133' title='bbox 551 1480 617 1521; x_wconf 90' lang='lat' dir='ltr'><strong>VI,</strong></span> <span class='ocrx_word' id='word_1_134' title='bbox 644 1481 674 1515; x_wconf 91' lang='lat'><strong>5.</strong></span> <span class='ocrx_word' id='word_1_135' title='bbox 844 1469 1044 1512; x_wconf 80' lang='lat' dir='ltr'><strong>Errantes</strong></span> <span class='ocrx_word' id='word_1_136' title='bbox 1076 1467 1181 1512; x_wconf 67' lang='lat' dir='ltr'><strong>silva</strong></span> <span class='ocrx_word' id='word_1_137' title='bbox 1212 1472 1255 1512; x_wconf 92' lang='lat' dir='ltr'><strong>in</strong></span> <span class='ocrx_word' id='word_1_138' title='bbox 1287 1486 1441 1526; x_wconf 89' lang='lat' dir='ltr'><strong>magna</strong></span> 
     </span>
     <span class='ocr_line' id='line_1_21' title="bbox 359 1551 1271 1608; baseline -0.004 -10"><span class='ocrx_word' id='word_1_139' title='bbox 359 1563 470 1608; x_wconf 79' lang='lat' dir='ltr'><strong>verg.</strong></span> <span class='ocrx_word' id='word_1_140' title='bbox 495 1563 571 1599; x_wconf 78' lang='lat' dir='ltr'>Ecl.</span> <span class='ocrx_word' id='word_1_141' title='bbox 601 1562 665 1604; x_wconf 87' lang='lat' dir='ltr'><strong>VI,</strong></span> <span class='ocrx_word' id='word_1_142' title='bbox 691 1564 747 1597; x_wconf 86' lang='lat'>46.</span> <span class='ocrx_word' id='word_1_143' title='bbox 843 1551 1081 1607; x_wconf 81' lang='lat' dir='ltr'><strong>Pasiphaen</strong></span> <span class='ocrx_word' id='word_1_144' title='bbox 1118 1552 1271 1606; x_wconf 81' lang='lat' dir='ltr'><strong>nivei1)</strong></span> 
     </span>
     <span class='ocr_line' id='line_1_22' title="bbox 359 1611 1223 1667; baseline -0.005 -9"><span class='ocrx_word' id='word_1_145' title='bbox 359 1623 446 1659; x_wconf 82' lang='lat' dir='ltr'>Aus.</span> <span class='ocrx_word' id='word_1_146' title='bbox 471 1621 522 1657; x_wconf 92' lang='lat' dir='ltr'>Id.</span> <span class='ocrx_word' id='word_1_147' title='bbox 548 1621 608 1664; x_wconf 92' lang='lat' dir='ltr'><strong>Vl,</strong></span> <span class='ocrx_word' id='word_1_148' title='bbox 646 1622 701 1657; x_wconf 88' lang='lat'>30.</span> <span class='ocrx_word' id='word_1_149' title='bbox 843 1611 1080 1667; x_wconf 85' lang='lat' dir='ltr'><strong>Pasiphaen</strong></span> <span class='ocrx_word' id='word_1_150' title='bbox 1112 1613 1223 1655; x_wconf 90' lang='lat' dir='ltr'><strong>nivei</strong></span> 
     </span>
    </p>
   </div>
   <div class='ocr_carea' id='block_1_14' title="bbox 359 1695 1344 1810">
    <p class='ocr_par' dir='ltr' id='par_1_14' title="bbox 359 1695 1344 1810">
     <span class='ocr_line' id='line_1_23' title="bbox 359 1695 1344 1752; baseline 0.001 -14"><span class='ocrx_word' id='word_1_151' title='bbox 359 1706 470 1751; x_wconf 81' lang='lat' dir='ltr'><strong>Verg.</strong></span> <span class='ocrx_word' id='word_1_152' title='bbox 496 1706 586 1741; x_wconf 80' lang='lat' dir='ltr'><strong>Aen.</strong></span> <span class='ocrx_word' id='word_1_153' title='bbox 613 1706 689 1747; x_wconf 86' lang='lat' dir='ltr'>XII,</span> <span class='ocrx_word' id='word_1_154' title='bbox 714 1706 793 1741; x_wconf 82' lang='lat'>254,</span> <span class='ocrx_word' id='word_1_155' title='bbox 844 1695 974 1738; x_wconf 81' lang='lat' dir='ltr'><strong>Facta</strong></span> <span class='ocrx_word' id='word_1_156' title='bbox 1005 1696 1116 1737; x_wconf 86' lang='lat' dir='ltr'><strong>nube</strong></span> <span class='ocrx_word' id='word_1_157' title='bbox 1147 1701 1344 1752; x_wconf 86' lang='lat' dir='ltr'><strong>premunt</strong></span> 
     </span>
     <span class='ocr_line' id='line_1_24' title="bbox 361 1753 1338 1810; baseline -0.001 -11"><span class='ocrx_word' id='word_1_158' title='bbox 361 1765 446 1799; x_wconf 79' lang='lat' dir='ltr'>Ans.</span> <span class='ocrx_word' id='word_1_159' title='bbox 483 1764 534 1799; x_wconf 89' lang='lat' dir='ltr'>ld.</span> <span class='ocrx_word' id='word_1_160' title='bbox 559 1764 634 1809; x_wconf 51' lang='lat' dir='ltr'>QVI,</span> <span class='ocrx_word' id='word_1_161' title='bbox 667 1764 724 1799; x_wconf 81' lang='lat'>52.</span> <span class='ocrx_word' id='word_1_162' title='bbox 844 1753 972 1797; x_wconf 84' lang='lat' dir='ltr'><strong>Facta</strong></span> <span class='ocrx_word' id='word_1_163' title='bbox 1003 1756 1112 1797; x_wconf 85' lang='lat' dir='ltr'><strong>nube</strong></span> <span class='ocrx_word' id='word_1_164' title='bbox 1143 1760 1338 1810; x_wconf 87' lang='lat' dir='ltr'><strong>premunt</strong></span> 
     </span>
    </p>
   </div>
   <div class='ocr_carea' id='block_1_15' title="bbox 360 1837 1328 1952">
    <p class='ocr_par' dir='ltr' id='par_1_15' title="bbox 360 1837 1328 1952">
     <span class='ocr_line' id='line_1_25' title="bbox 360 1837 1328 1893; baseline -0.003 -10"><span class='ocrx_word' id='word_1_165' title='bbox 360 1848 471 1893; x_wconf 86' lang='lat' dir='ltr'><strong>Verg.</strong></span> <span class='ocrx_word' id='word_1_166' title='bbox 497 1848 587 1883; x_wconf 88' lang='lat' dir='ltr'><strong>Aen.</strong></span> <span class='ocrx_word' id='word_1_167' title='bbox 612 1847 693 1889; x_wconf 90' lang='lat' dir='ltr'>VII,</span> <span class='ocrx_word' id='word_1_168' title='bbox 719 1849 796 1883; x_wconf 88' lang='lat'>578.</span> <span class='ocrx_word' id='word_1_169' title='bbox 845 1837 1063 1879; x_wconf 87' lang='lat' dir='ltr'><strong>Terrorem</strong></span> <span class='ocrx_word' id='word_1_170' title='bbox 1094 1839 1328 1893; x_wconf 77' lang='lat' dir='ltr'><strong>ingeminat</strong></span> 
     </span>
     <span class='ocr_line' id='line_1_26' title="bbox 360 1895 1325 1952; baseline -0.002 -11"><span class='ocrx_word' id='word_1_171' title='bbox 360 1907 445 1941; x_wconf 82' lang='lat' dir='ltr'>Aus.</span> <span class='ocrx_word' id='word_1_172' title='bbox 486 1906 537 1941; x_wconf 88' lang='lat' dir='ltr'>ld.</span> <span class='ocrx_word' id='word_1_173' title='bbox 581 1906 640 1948; x_wconf 93' lang='lat' dir='ltr'><strong>Vl,</strong></span> <span class='ocrx_word' id='word_1_174' title='bbox 678 1906 733 1941; x_wconf 84' lang='lat'>82.</span> <span class='ocrx_word' id='word_1_175' title='bbox 845 1895 1061 1938; x_wconf 86' lang='lat' dir='ltr'><strong>Terrorem</strong></span> <span class='ocrx_word' id='word_1_176' title='bbox 1090 1896 1325 1952; x_wconf 85' lang='lat' dir='ltr'><strong>ingeminat</strong></span> 
     </span>
    </p>
   </div>
   <div class='ocr_carea' id='block_1_16' title="bbox 359 1971 1497 2093">
    <p class='ocr_par' dir='ltr' id='par_1_16' title="bbox 359 1971 1497 2093">
     <span class='ocr_line' id='line_1_27' title="bbox 359 1971 1497 2033; baseline -0.003 -9"><span class='ocrx_word' id='word_1_177' title='bbox 359 1990 470 2033; x_wconf 86' lang='lat' dir='ltr'><strong>Verg.</strong></span> <span class='ocrx_word' id='word_1_178' title='bbox 496 1991 586 2023; x_wconf 88' lang='lat' dir='ltr'><strong>Aen.</strong></span> <span class='ocrx_word' id='word_1_179' title='bbox 613 1988 676 2029; x_wconf 85' lang='lat' dir='ltr'><strong>VI,</strong></span> <span class='ocrx_word' id='word_1_180' title='bbox 702 1990 780 2023; x_wconf 86' lang='lat'>640.</span> <span class='ocrx_word' id='word_1_181' title='bbox 844 1971 1022 2033; x_wconf 79' lang='lat' dir='ltr'><strong>Largior</strong></span> <span class='ocrx_word' id='word_1_182' title='bbox 1052 1979 1120 2020; x_wconf 85' lang='lat' dir='ltr'><strong>hic</strong></span> <span class='ocrx_word' id='word_1_183' title='bbox 1152 1994 1320 2033; x_wconf 86' lang='lat' dir='ltr'><strong>campos</strong></span> <span class='ocrx_word' id='word_1_184' title='bbox 1352 1980 1497 2021; x_wconf 82' lang='lat' dir='ltr'><strong>aether</strong></span> 
     </span>
     <span class='ocr_line' id='line_1_28' title="bbox 359 2035 1377 2093; baseline -0.003 -10"><span class='ocrx_word' id='word_1_185' title='bbox 359 2048 445 2083; x_wconf 77' lang='lat' dir='ltr'><strong>Aue.</strong></span> <span class='ocrx_word' id='word_1_186' title='bbox 487 2047 576 2082; x_wconf 82' lang='lat' dir='ltr'>Mos.</span> <span class='ocrx_word' id='word_1_187' title='bbox 615 2048 668 2082; x_wconf 85' lang='lat'>12.</span> <span class='ocrx_word' id='word_1_188' title='bbox 842 2035 991 2079; x_wconf 85' lang='lat' dir='ltr'><strong>Purior</strong></span> <span class='ocrx_word' id='word_1_189' title='bbox 1021 2037 1090 2079; x_wconf 84' lang='lat' dir='ltr'><strong>hic</strong></span> <span class='ocrx_word' id='word_1_190' title='bbox 1121 2039 1277 2093; x_wconf 84' lang='lat' dir='ltr'><strong>eampis</strong></span> <span class='ocrx_word' id='word_1_191' title='bbox 1308 2052 1377 2080; x_wconf 86' lang='lat' dir='ltr'><strong>aer</strong></span> 
     </span>
    </p>
   </div>
   <div class='ocr_carea' id='block_1_17' title="bbox 359 2120 1308 2234">
    <p class='ocr_par' dir='ltr' id='par_1_17' title="bbox 359 2120 1308 2234">
     <span class='ocr_line' id='line_1_29' title="bbox 361 2120 1308 2176; baseline -0.003 -11"><span class='ocrx_word' id='word_1_192' title='bbox 361 2131 472 2176; x_wconf 82' lang='lat' dir='ltr'><strong>Verg.</strong></span> <span class='ocrx_word' id='word_1_193' title='bbox 488 2131 619 2175; x_wconf 84' lang='lat' dir='ltr'><strong>Georg.</strong></span> <span class='ocrx_word' id='word_1_194' title='bbox 640 2130 703 2173; x_wconf 94' lang='lat' dir='ltr'><strong>IV,</strong></span> <span class='ocrx_word' id='word_1_195' title='bbox 719 2131 797 2166; x_wconf 86' lang='lat'>524.</span> <span class='ocrx_word' id='word_1_196' title='bbox 843 2120 1020 2175; x_wconf 84' lang='lat' dir='ltr'><strong>Gurgite</strong></span> <span class='ocrx_word' id='word_1_197' title='bbox 1052 2135 1143 2162; x_wconf 85' lang='lat' dir='ltr'><strong>cum</strong></span> <span class='ocrx_word' id='word_1_198' title='bbox 1172 2121 1308 2162; x_wconf 90' lang='lat' dir='ltr'><strong>medio</strong></span> 
     </span>
     <span class='ocr_line' id='line_1_30' title="bbox 359 2177 1267 2234; baseline -0.004 -9"><span class='ocrx_word' id='word_1_199' title='bbox 359 2192 445 2225; x_wconf 89' lang='lat' dir='ltr'>Aus.</span> <span class='ocrx_word' id='word_1_200' title='bbox 487 2191 576 2226; x_wconf 85' lang='lat' dir='ltr'>Mos.</span> <span class='ocrx_word' id='word_1_201' title='bbox 616 2190 671 2224; x_wconf 86' lang='lat'>99.</span> <span class='ocrx_word' id='word_1_202' title='bbox 845 2177 1021 2234; x_wconf 78' lang='lat' dir='ltr'><strong>Gurgite</strong></span> <span class='ocrx_word' id='word_1_203' title='bbox 1052 2180 1102 2221; x_wconf 90' lang='lat' dir='ltr'><strong>de</strong></span> <span class='ocrx_word' id='word_1_204' title='bbox 1132 2180 1267 2221; x_wconf 87' lang='lat' dir='ltr'><strong>medio</strong></span> 
     </span>
    </p>
   </div>
   <div class='ocr_carea' id='block_1_18' title="bbox 359 2260 1345 2375">
    <p class='ocr_par' dir='ltr' id='par_1_18' title="bbox 359 2260 1345 2375">
     <span class='ocr_line' id='line_1_31' title="bbox 359 2260 1297 2319; baseline -0.004 -10"><span class='ocrx_word' id='word_1_205' title='bbox 359 2274 470 2319; x_wconf 80' lang='lat' dir='ltr'><strong>Verg.</strong></span> <span class='ocrx_word' id='word_1_206' title='bbox 496 2273 586 2308; x_wconf 80' lang='lat' dir='ltr'><strong>Aen.</strong></span> <span class='ocrx_word' id='word_1_207' title='bbox 611 2272 690 2315; x_wconf 82' lang='lat' dir='ltr'>VII,</span> <span class='ocrx_word' id='word_1_208' title='bbox 715 2273 794 2308; x_wconf 82' lang='lat'>382.</span> <span class='ocrx_word' id='word_1_209' title='bbox 843 2260 1120 2317; x_wconf 85' lang='lat' dir='ltr'><strong>Impubesque</strong></span> <span class='ocrx_word' id='word_1_210' title='bbox 1151 2276 1297 2303; x_wconf 83' lang='lat' dir='ltr'><strong>manus</strong></span> 
     </span>
     <span class='ocr_line' id='line_1_32' title="bbox 360 2319 1345 2375; baseline -0.006 -8"><span class='ocrx_word' id='word_1_211' title='bbox 360 2333 445 2368; x_wconf 84' lang='lat' dir='ltr'>Aus.</span> <span class='ocrx_word' id='word_1_212' title='bbox 487 2332 575 2367; x_wconf 78' lang='lat' dir='ltr'>Mos.</span> <span class='ocrx_word' id='word_1_213' title='bbox 618 2331 695 2366; x_wconf 87' lang='lat'>205.</span> <span class='ocrx_word' id='word_1_214' title='bbox 847 2319 1148 2375; x_wconf 85' lang='lat' dir='ltr'><strong>Impubemque</strong></span> <span class='ocrx_word' id='word_1_215' title='bbox 1179 2335 1345 2362; x_wconf 89' lang='lat' dir='ltr'><strong>manum</strong></span> 
     </span>
    </p>
   </div>
   <div class='ocr_carea' id='block_1_19' title="bbox 359 2402 1626 2518">
    <p class='ocr_par' dir='ltr' id='par_1_19' title="bbox 359 2402 1626 2518">
     <span class='ocr_line' id='line_1_33' title="bbox 359 2402 1533 2460; baseline -0.005 -9"><span class='ocrx_word' id='word_1_216' title='bbox 359 2416 469 2460; x_wconf 85' lang='lat' dir='ltr'><strong>Verg.</strong></span> <span class='ocrx_word' id='word_1_217' title='bbox 495 2414 625 2460; x_wconf 76' lang='lat' dir='ltr'><strong>Georg.</strong></span> <span class='ocrx_word' id='word_1_218' title='bbox 652 2414 696 2456; x_wconf 92' lang='lat' dir='ltr'><strong>II,</strong></span> <span class='ocrx_word' id='word_1_219' title='bbox 724 2415 800 2449; x_wconf 89' lang='lat'>173.</span> <span class='ocrx_word' id='word_1_220' title='bbox 844 2402 976 2454; x_wconf 76' lang='lat' dir='ltr'><strong>Salve,</strong></span> <span class='ocrx_word' id='word_1_221' title='bbox 1009 2418 1162 2458; x_wconf 86' lang='lat' dir='ltr'><strong>magna</strong></span> <span class='ocrx_word' id='word_1_222' title='bbox 1192 2418 1342 2458; x_wconf 86' lang='lat' dir='ltr'><strong>parens</strong></span> <span class='ocrx_word' id='word_1_223' title='bbox 1365 2405 1533 2460; x_wconf 86' lang='lat' dir='ltr'><strong>frugum</strong></span> 
     </span>
     <span class='ocr_line' id='line_1_34' title="bbox 359 2461 1626 2518; baseline -0.005 -8"><span class='ocrx_word' id='word_1_224' title='bbox 359 2476 443 2510; x_wconf 81' lang='lat' dir='ltr'>Aus.</span> <span class='ocrx_word' id='word_1_225' title='bbox 483 2473 572 2509; x_wconf 86' lang='lat' dir='ltr'>Mos.</span> <span class='ocrx_word' id='word_1_226' title='bbox 609 2474 688 2508; x_wconf 89' lang='lat'>381.</span> <span class='ocrx_word' id='word_1_227' title='bbox 845 2461 978 2512; x_wconf 84' lang='lat' dir='ltr'><strong>Salve,</strong></span> <span class='ocrx_word' id='word_1_228' title='bbox 1010 2476 1165 2517; x_wconf 85' lang='lat' dir='ltr'><strong>magna</strong></span> <span class='ocrx_word' id='word_1_229' title='bbox 1196 2477 1349 2516; x_wconf 84' lang='lat' dir='ltr'><strong>parens</strong></span> <span class='ocrx_word' id='word_1_230' title='bbox 1374 2462 1626 2518; x_wconf 86' lang='lat' dir='ltr'><strong>frugumque</strong></span> 
     </span>
    </p>
   </div>
   <div class='ocr_carea' id='block_1_20' title="bbox 357 2545 1326 2666">
    <p class='ocr_par' dir='ltr' id='par_1_20' title="bbox 357 2545 1326 2666">
     <span class='ocr_line' id='line_1_35' title="bbox 357 2545 1326 2603; baseline -0.008 -10"><span class='ocrx_word' id='word_1_231' title='bbox 357 2557 468 2603; x_wconf 84' lang='lat' dir='ltr'><strong>Verg.</strong></span> <span class='ocrx_word' id='word_1_232' title='bbox 494 2557 626 2602; x_wconf 82' lang='lat' dir='ltr'><strong>Georg.</strong></span> <span class='ocrx_word' id='word_1_233' title='bbox 651 2556 713 2598; x_wconf 91' lang='lat' dir='ltr'><strong>IV,</strong></span> <span class='ocrx_word' id='word_1_234' title='bbox 739 2556 816 2591; x_wconf 83' lang='lat'>373.</span> <span class='ocrx_word' id='word_1_235' title='bbox 842 2545 891 2587; x_wconf 92' lang='lat' dir='ltr'><strong>In</strong></span> <span class='ocrx_word' id='word_1_236' title='bbox 922 2560 1035 2586; x_wconf 90' lang='lat' dir='ltr'><strong>mare</strong></span> <span class='ocrx_word' id='word_1_237' title='bbox 1071 2559 1326 2599; x_wconf 85' lang='lat' dir='ltr'><strong>purpureum</strong></span> 
     </span>
     <span class='ocr_line' id='line_1_36' title="bbox 359 2604 1325 2666; baseline -0.007 -14"><span class='ocrx_word' id='word_1_238' title='bbox 359 2617 445 2652; x_wconf 82' lang='lat' dir='ltr'>Aus.</span> <span class='ocrx_word' id='word_1_239' title='bbox 482 2616 570 2651; x_wconf 82' lang='lat' dir='ltr'>Mos.</span> <span class='ocrx_word' id='word_1_240' title='bbox 606 2615 687 2666; x_wconf 71' lang='lat'>467.</span> <span class='ocrx_word' id='word_1_241' title='bbox 844 2604 895 2646; x_wconf 89' lang='lat' dir='ltr'><strong>In</strong></span> <span class='ocrx_word' id='word_1_242' title='bbox 926 2619 1038 2646; x_wconf 86' lang='lat' dir='ltr'><strong>mare</strong></span> <span class='ocrx_word' id='word_1_243' title='bbox 1069 2619 1325 2659; x_wconf 88' lang='lat' dir='ltr'><strong>purpureum</strong></span> 
     </span>
    </p>
   </div>
   <div class='ocr_carea' id='block_1_21' title="bbox 357 2687 1560 2802">
    <p class='ocr_par' dir='ltr' id='par_1_21' title="bbox 357 2687 1560 2802">
     <span class='ocr_line' id='line_1_37' title="bbox 357 2687 1560 2746; baseline -0.001 -15"><span class='ocrx_word' id='word_1_244' title='bbox 357 2698 466 2746; x_wconf 55' lang='grc' dir='ltr'><strong>νας,</strong></span> <span class='ocrx_word' id='word_1_245' title='bbox 491 2700 580 2735; x_wconf 75' lang='lat' dir='ltr'><strong>Aen.</strong></span> <span class='ocrx_word' id='word_1_246' title='bbox 605 2697 647 2742; x_wconf 89' lang='lat' dir='ltr'><strong>V,</strong></span> <span class='ocrx_word' id='word_1_247' title='bbox 662 2700 740 2736; x_wconf 81' lang='lat'><strong>560,</strong></span> <span class='ocrx_word' id='word_1_248' title='bbox 824 2687 945 2741; x_wconf 18' lang='lat' dir='ltr'><strong>(Tres</strong></span> <span class='ocrx_word' id='word_1_249' title='bbox 976 2688 1165 2743; x_wconf 82' lang='lat' dir='ltr'><strong>equitum</strong></span> <span class='ocrx_word' id='word_1_250' title='bbox 1195 2701 1367 2729; x_wconf 90' lang='lat' dir='ltr'><strong>numero</strong></span> <span class='ocrx_word' id='word_1_251' title='bbox 1398 2689 1560 2731; x_wconf 84' lang='lat' dir='ltr'><strong>turmae</strong></span> 
     </span>
     <span class='ocr_line' id='line_1_38' title="bbox 357 2747 1354 2802; baseline -0.005 -8"><span class='ocrx_word' id='word_1_252' title='bbox 357 2759 444 2795; x_wconf 72' lang='lat' dir='ltr'><strong>Aue.</strong></span> <span class='ocrx_word' id='word_1_253' title='bbox 476 2758 527 2793; x_wconf 83' lang='lat' dir='ltr'>Id.</span> <span class='ocrx_word' id='word_1_254' title='bbox 560 2758 628 2800; x_wconf 86' lang='lat' dir='ltr'><strong>XI,</strong></span> <span class='ocrx_word' id='word_1_255' title='bbox 654 2759 709 2795; x_wconf 82' lang='lat'>80.</span> <span class='ocrx_word' id='word_1_256' title='bbox 842 2747 944 2789; x_wconf 82' lang='lat' dir='ltr'><strong>Tres</strong></span> <span class='ocrx_word' id='word_1_257' title='bbox 974 2748 1162 2802; x_wconf 87' lang='lat' dir='ltr'><strong>equitum</strong></span> <span class='ocrx_word' id='word_1_258' title='bbox 1191 2750 1354 2789; x_wconf 86' lang='lat' dir='ltr'><strong>turmae</strong></span> 
     </span>
    </p>
   </div>
   <div class='ocr_carea' id='block_1_22' title="bbox 426 2853 632 2859">
    <p class='ocr_par' dir='ltr' id='par_1_22' title="bbox 426 2853 632 2859">
     <span class='ocr_line' id='line_1_39' title="bbox 426 2853 632 2859; baseline 0 0"><span class='ocrx_word' id='word_1_259' title='bbox 426 2853 632 2859; x_wconf 95' lang='lat' dir='ltr'><strong> </strong></span> 
     </span>
    </p>
   </div>
   <div class='ocr_carea' id='block_1_23' title="bbox 218 2855 420 2862">
    <p class='ocr_par' dir='ltr' id='par_1_23' title="bbox 218 2855 420 2862">
     <span class='ocr_line' id='line_1_40' title="bbox 218 2855 420 2862; baseline 0 0"><span class='ocrx_word' id='word_1_260' title='bbox 218 2855 420 2862; x_wconf 95' lang='lat' dir='ltr'><strong> </strong></span> 
     </span>
    </p>
   </div>
   <div class='ocr_carea' id='block_1_24' title="bbox 313 2912 606 2961">
    <p class='ocr_par' dir='ltr' id='par_1_24' title="bbox 313 2912 606 2961">
     <span class='ocr_line' id='line_1_41' title="bbox 313 2912 606 2961; baseline -0.003 -11"><span class='ocrx_word' id='word_1_261' title='bbox 313 2914 337 2959; x_wconf 52' lang='grc' dir='ltr'><strong>ι)</strong></span> <span class='ocrx_word' id='word_1_262' title='bbox 364 2912 415 2950; x_wconf 84' lang='lat' dir='ltr'>of.</span> <span class='ocrx_word' id='word_1_263' title='bbox 440 2921 525 2961; x_wconf 75' lang='lat' dir='ltr'>pag.</span> <span class='ocrx_word' id='word_1_264' title='bbox 550 2913 606 2950; x_wconf 82' lang='lat'>26.</span> 
     </span>
    </p>
   </div>
  </div>
 </body>
</html>
