1966 3192
955 93 1006 137 15

224 227 408 270 veterem
457 223 575 268 illam
621 224 835 267 ethnicam
886 227 1068 281 superet,
1120 228 1175 276 te,
1227 238 1350 279 quem
1394 236 1544 265 sanum
1596 237 1759 279 semper

224 288 444 342 parentem
475 285 586 333 novi,
637 299 722 326 nou
768 284 1147 339 amplius‘crimini
1177 284 1282 325 mihi
1312 284 1638 325 hocversurum
1669 297 1757 324 esse

224 348 378 400 puto;»
412 346 583 386 invocat
614 344 736 385 modo
769 357 914 384 sanum
947 357 1211 397 aequumque
1243 343 1421 384 Ausonii
1452 342 1665 392 iudicium,
1705 342 1756 383 de

223 404 429 459 religione
461 416 558 444 vero
590 403 678 444 eius
699 402 808 443 nihil
838 402 1009 444 omnino
1042 417 1091 444 ex
1121 401 1187 443 his
1218 402 1356 443 verbis
1388 401 1580 443 concludi
1602 402 1757 456 potest.

340 461 496 511 Quodsi
527 461 809 503 intelleximus
856 461 1048 502 omnibus
1080 462 1265 502 externis
1297 461 1409 501 vitae
1442 460 1759 502 condicionibus

224 521 451 563 maximam
491 523 653 575 partem
684 520 823 562 doceri
865 520 1101 562 Ausonium
1140 520 1352 562 ethnicum
1393 519 1521 561 fnisse
1561 522 1603 561 et
1633 518 1757 573 plane

222 580 351 621 nullis
383 579 554 635 probari
586 594 679 621 eum
700 579 897 634 religioni
914 578 1181 620 Christianae
1211 579 1445 629 indulsisse,
1477 593 1576 619 sane
1599 578 1758 619 miran-

224 639 321 681 dum
352 641 429 690 est,
462 638 573 693 quod
603 641 671 680 tot
711 638 789 679 viri
829 641 1000 693 tamque
1031 638 1143 681 docti
1183 641 1326 679 tamen
1366 638 1600 680 Ausonium
1634 636 1759 678 Chri-

222 698 406 740 stianum
447 698 574 739 fuisse
613 712 857 751 persuasum
896 696 1145 740 habuerunt.
1219 696 1298 738 Sed
1341 697 1646 751 quodammodo
1686 711 1756 737 ex-

222 760 421 798 cusantur
460 756 621 797 duobus
663 756 747 797 illis
791 756 1065 806 carminibus,
1109 771 1215 810 quae
1256 756 1482 797 identidem
1525 756 1609 797 iam
1642 770 1756 796 corn-

223 815 545 857 memoravimus
556 814 586 868 1)
633 815 867 869 quibusque
919 815 1017 856 freti
1064 814 1319 856 sententiam
1370 830 1486 856 suam
1537 829 1580 855 se
1632 814 1756 854 facile

221 873 399 929 probare
444 888 565 928 posse
606 873 800 915 arbitrati
842 876 954 915 sunt.
1017 873 1098 915 Sed
1138 874 1265 915 etiam
1306 874 1452 915 leviter
1492 874 1535 914 in
1575 873 1757 915 Ausonii

223 933 418 988 operibus
450 935 637 973 versatos
668 933 814 987 fugere
845 947 914 973 eos
951 947 1036 974 non
1068 933 1209 987 potuit
1239 932 1374 973 multa
1406 932 1599 981 inveniri,
1649 946 1756 985 quae

223 996 296 1034 aut
347 991 595 1047 religionem
634 990 918 1033 Christianam
964 991 1102 1033 minus
1142 991 1378 1033 redolerent
1429 995 1503 1033 aut
1546 991 1670 1046 plane
1715 991 1754 1032 ei

222 1054 521 1107 repugnarent.
584 1050 733 1104 Itaque
755 1050 864 1091 hanc
886 1050 1208 1105 discrepantiam
1230 1050 1357 1091 variis
1379 1050 1514 1091 modis
1545 1050 1755 1105 explicare

223 1110 365 1152 conati
396 1112 505 1151 sunt.

340 1166 571 1224 Mignius2)
607 1168 736 1209 dixit:
782 1168 880 1223 «qui
919 1168 1155 1217 Ausonius,
1203 1168 1302 1209 licet
1341 1167 1621 1217 Christianus,
1664 1172 1755 1209 erat

224 1228 405 1271 carnalis
457 1228 593 1270 adhuc
636 1227 761 1270 homo
803 1226 1014 1278 nesciens,
1061 1242 1167 1282 quae
1209 1230 1308 1270 sunt
1339 1227 1554 1283 spiritus.»
1618 1227 1754 1270 Kauf-

221 1287 439 1341 mannus3)
471 1287 574 1327 haec
608 1287 732 1327 verba
762 1287 883 1327 facit:
920 1287 1159 1327 «Ausonius
1191 1302 1278 1327 war
1309 1287 1463 1336 christ;
1508 1287 1756 1328 wiederholt

221 1348 395 1388 benutzt
446 1360 489 1387 er
540 1346 605 1386 die
656 1344 943 1400 gelegenheit,
991 1345 1081 1387 sein
1142 1345 1477 1387 orthodoxes
1528 1345 1755 1400 glaubens-

221 1405 495 1447 bekenntniss
536 1419 586 1445 zu
627 1404 891 1455 offenbaren,
936 1405 1035 1445 aber
1077 1418 1119 1445 er
1153 1404 1303 1446 dachte
1345 1405 1430 1445 und
1461 1404 1597 1445 fiihlte
1628 1405 1753 1446 kaum

221 1465 382 1515 anders,
416 1465 477 1505 als
509 1463 599 1505 sein
631 1464 780 1504 freund
797 1462 1084 1518 Symmachus,
1118 1463 1190 1504 der
1222 1463 1505 1519 vertheidiger
1537 1464 1606 1505 des
1638 1464 1751 1505 alten

220 1523 395 1564 cultus.»
457 1522 544 1562 Alii
575 1522 658 1562 alia
696 1522 767 1562 sed
799 1522 844 1562 in
875 1522 1050 1562 eandem
1093 1522 1180 1562 fere
1212 1523 1465 1563 sententiam
1496 1522 1750 1572 iudicarunt,

221 1596 349 1636 quare
380 1583 549 1622 tantum
582 1579 713 1630 abest,
749 1582 795 1621 ut
825 1580 1108 1635 discrepantia
1138 1580 1211 1622 illa
1232 1581 1417 1631 tollatur,
1451 1584 1498 1622 ut
1530 1583 1749 1636 augeatur.

219 1640 329 1683 Nam
361 1639 568 1695 quomodo
601 1654 694 1680 eum
726 1640 873 1691 virum,
905 1640 977 1694 qui
1009 1640 1052 1680 in
1084 1640 1327 1695 precatione
1367 1641 1579 1682 matutina
1609 1640 1752 1695 Ephe-

220 1700 388 1743 meridis
434 1698 715 1741 humillimum
755 1700 942 1741 animum
982 1702 1026 1741 et
1064 1699 1374 1741 devotissimam
1408 1714 1508 1756 erga
1539 1699 1752 1741 Christum

218 1760 424 1815 pietatem
445 1758 655 1813 professus
677 1761 799 1808 esset⁷
833 1758 914 1799 alio
936 1758 1029 1800 1060
1051 1759 1269 1813 religionis
1302 1759 1495 1800 ethnicae
1516 1759 1751 1801 studiosum

218 1820 436 1860 inventum
466 1817 518 1858 iri
549 1818 748 1871 putares?
810 1815 1021 1870 Richter4)
1044 1817 1275 1860 arbitratur
1293 1818 1481 1860 Ausonio
1504 1818 1750 1873 religionem

220 1877 431 1919 ethnicam
462 1880 549 1917 tam
580 1876 757 1917 fractam
789 1876 920 1916 visam
952 1890 1055 1926 esse,
1089 1879 1136 1917 ut
1168 1876 1218 1917 de
1249 1892 1298 1918 ea
1322 1877 1412 1918 sine
1443 1877 1506 1917 ira
1536 1880 1578 1918 et
1609 1876 1748 1918 studio

220 1936 435 1991 disputare
497 1937 540 1976 et
591 1934 912 1989 pulcherrimam
965 1949 1056 1975 eam
1107 1935 1188 1976 sibi
1239 1935 1460 1977 materiam
1509 1938 1751 1990 poematum

219 2009 378 2037 sumere
411 1994 594 2042 auderet,
626 2007 732 2048 quae
764 1993 931 2047 quidem
952 1994 1164 2036 sententia
1194 1995 1394 2044 omnium,
1427 2009 1533 2048 quae
1558 1994 1749 2049 prolatae

218 2057 328 2104 sunt,
362 2052 638 2096 audacissima
669 2052 752 2094 toti
774 2052 954 2094 Ausonii
986 2052 1119 2095 indoli
1151 2055 1277 2108 atque
1298 2059 1475 2096 naturae
1506 2068 1748 2110 repugnans

218 2114 374 2169 partim
414 2113 498 2153 iam
538 2111 824 2166 disputatione
865 2116 1009 2153 nostra
1047 2112 1233 2154 refutata
1274 2120 1349 2162 est,
1382 2114 1538 2167 partim
1570 2128 1662 2155 eam
1694 2113 1748 2154 ob

217 2187 303 2214 rem
335 2186 473 2214 carere
505 2185 629 2213 sensu
661 2170 837 2221 videtur,
880 2170 992 2226 quod
1024 2186 1166 2213 omnes
1198 2172 1468 2214 consentiunt
1500 2172 1747 2224 Ausonium,

217 2232 252 2273 si
273 2231 535 2273 Christianus
567 2230 715 2280 fuerit,
757 2235 899 2271 tamen
939 2231 1091 2271 veteris
1131 2230 1348 2285 religionis
1391 2231 1595 2272 doctrinis
1627 2231 1748 2273 valde

216 2289 466 2349 implicitum
517 2289 663 2330 teneri.
726 2288 1008 2355 Boeckingius
1039 2288 1147 2330 hanc
1193 2304 1281 2330 rem
1323 2290 1366 2330 in
1417 2291 1606 2344 tempore
1653 2291 1747 2344 ipso

216 2346 398 2415 positam
430 2354 517 2389 esse
549 2340 704 2398 dicit5),
753 2362 836 2401 quo
878 2347 1007 2388 animi
1046 2347 1264 2390 hominum
1307 2349 1493 2389 nondum
1527 2348 1579 2389 ad
1611 2351 1747 2390 certas

215 2407 448 2450 sententias
466 2406 757 2462 pervenissent
772 2409 813 2447 et
824 2407 934 2447 inter
951 2409 1132 2448 veterem
1147 2410 1189 2448 et
1200 2406 1483 2448 Christianam
1500 2407 1747 2462 religionem

215 2467 363 2510 iactati
372 2466 573 2514 fuissent;
606 2465 676 2506 sed
694 2465 821 2506 etiam
834 2465 944 2507 hanc
961 2466 1214 2507 sententiam
1233 2466 1422 2508 Richteri
1443 2466 1567 2520 plane
1581 2472 1750 2508 contra-

214 2527 342 2577 riam,
375 2525 475 2580 quin
506 2523 656 2564 falsam
688 2523 935 2573 habeamus,
983 2523 1119 2566 facere
1149 2539 1234 2566 non
1267 2539 1498 2580 possumus.
1561 2524 1671 2566 Nam
1703 2526 1747 2577 ii,

308 2688 335 2755 Ξ)
360 2689 461 2724 Prec.
487 2687 543 2733 Ep
544 2687 681 2722 hemer.
708 2688 746 2722 et
771 2685 839 2732 Idy
841 2686 882 2722 11.
908 2686 936 2722 Ι.

307 2740 333 2825 ³3
359 2734 716 2826 {gfffirliznnllffitstp
719 2736 924 2817 Tgasclizenb.
949 2793 983 2816 v.
1009 2780 1184 2826 Raumer)
1220 2781 1283 2816 IV.
1312 2783 1365 2816 10.
1414 2793 1500 2827 pag.
1529 2783 1582 2819 10.

307 2828 333 2873 ⁴)
360 2831 426 2866 das
451 2832 635 2866 westrom.
660 2828 773 2865 reich.
822 2840 871 2874 pa
873 2840 908 2874 g.
934 2829 1014 2867 296.

266 2904 271 2909 -
307 2876 332 2925 ὅ)
359 2878 451 2914 Vita
475 2878 561 2913 Aus.
587 2887 622 2921 p.
648 2877 703 2912 67.
753 2875 806 2912 Cf.
833 2876 987 2921 Teuffel,
1021 2875 1108 2912 hist.
1133 2876 1210 2912 litt.
1235 2876 1255 2921 ἓ
1279 2877 1359 2919 414,
1384 2876 1417 2912 4.
