1966 3192
909 883 942 925 I.

386 992 470 1039 DE
507 990 776 1040 AUSONII
813 990 1165 1040 RELIGIONE
1203 990 1461 1039 AGITUR.

254 1166 426 1249 Quibus
473 1200 720 1254 parentibus
763 1200 985 1252 Ausonius,
1037 1203 1164 1255 poeta
1194 1200 1521 1255 Burdigalensis‚
1568 1202 1692 1241 natus

160 1262 282 1310 esset,
317 1274 440 1314 quem
471 1258 524 1300 ad
540 1259 716 1314 gradum
739 1259 995 1314 dignitatum
1016 1259 1222 1314 paulatim
1240 1259 1509 1309 ascendisset,
1541 1258 1692 1313 quibus

159 1318 415 1368 muneribus,
461 1332 544 1372 quo
576 1321 777 1373 tempore,
831 1318 1029 1373 quamdiu
1061 1317 1229 1360 functus
1261 1320 1381 1364 esset.
1416 1332 1520 1370 cums
1548 1332 1692 1359 omnes

159 1376 240 1418 viri
283 1376 421 1427 docti,
469 1376 541 1431 qui
582 1376 632 1419 de
674 1377 762 1418 vita
802 1377 889 1419 eius
920 1377 1197 1431 scripserunt,
1244 1381 1335 1418 tum
1369 1374 1693 1432 Boeckingius¹)

159 1438 397 1490 temporum
412 1434 579 1490 imperii
596 1435 779 1477 Romani
797 1437 880 1477 iam
899 1435 1087 1478 cadentis
1104 1435 1380 1491 gnarissimus
1398 1438 1484 1477 tam
1501 1435 1693 1478 accurate

160 1497 204 1536 et
236 1497 518 1550 congruenter
547 1498 843 1549 exposuerunt,
877 1497 925 1537 ut
956 1494 1075 1550 ligna
1105 1509 1170 1536 nie
1200 1494 1317 1536 silvis
1348 1494 1573 1536 allaturum
1605 1508 1694 1535 esse

159 1553 352 1604 arbitrer,
401 1552 437 1593 si
497 1552 602 1594 haec
634 1555 708 1594 aut
738 1556 970 1607 repeterem
1002 1557 1076 1594 aut
1107 1553 1259 1594 iterum
1292 1553 1569 1607 anquirerem.
1631 1551 1694 1593 De

157 1609 363 1666 religione
395 1613 535 1652 autem
566 1610 743 1653 Ausonii
784 1611 895 1653 inter
926 1611 1090 1653 eosdem
1122 1611 1232 1653 viros
1264 1611 1415 1653 mirum
1451 1611 1494 1653 in
1526 1610 1692 1652 modum

158 1670 371 1724 discrepat
402 1683 537 1724 neque
569 1670 706 1711 adhuc
737 1670 840 1711 satis
870 1671 991 1711 firmo
1030 1670 1184 1711 iudicio
1233 1670 1337 1711 haee
1366 1684 1433 1711 res
1464 1670 1696 1711 diiudicata

159 1729 235 1771 est.
317 1727 397 1778 Qui
448 1727 526 1769 viri
556 1727 791 1771 Ausonium
824 1727 1108 1771 Christianum
1158 1728 1286 1770 fuisse
1326 1731 1597 1784 putaverunt,
1649 1728 1693 1769 in

159 1787 335 1830 eundem
378 1802 521 1829 omnes
565 1802 745 1829 errorem
770 1788 984 1830 'videntur
1015 1788 1225 1839 incidisse,
1272 1791 1320 1829 ut
1351 1788 1511 1830 duobus
1543 1789 1695 1843 poetae

153 1846 289 1889 nostri
310 1846 566 1888 carminibus
576 1844 610 1903 ²)
622 1847 820 1889 commoti
845 1847 968 1902 quasi
1003 1862 1054 1887 «a
1074 1847 1231 1902 priori»
1267 1847 1384 1897 illud,
1408 1847 1518 1901 quod
1541 1847 1693 1902 proba-

156 1905 245 1947 turi
287 1908 422 1955 erant,
477 1920 620 1947 verum
671 1921 758 1947 esse
805 1905 884 1947 sibi
916 1905 1230 1961 persuaderent.
1293 1905 1412 1955 Quod
1450 1905 1616 1960 quidem
1648 1906 1692 1946 in

158 1964 254 2006 Elia
276 1963 446 2014 Vineto,
465 1963 493 2005 J
497 1964 658 2018 osepho
680 1963 905 2019 Scaligero,
929 1962 1201 2018 Souchaeo³)‚
1220 1964 1314 2005 aliis
1332 1963 1443 2006 haud
1457 1964 1518 2005 ita
1539 1963 1690 2005 mirum

162 2025 240 2073 est,
274 2037 368 2064 cum
399 2025 521 2064 tanta
558 2023 738 2064 Ausonii
772 2023 1049 2064 admiratione
1092 2023 1230 2064 affecti
1274 2025 1413 2064 essent
1442 2037 1618 2077 eumque
1649 2023 1693 2063 in

157 2081 301 2122 eadem
334 2081 473 2135 patria
505 2081 697 2136 genitum
718 2085 842 2123 tanto
874 2095 1013 2122 amore
1035 2082 1425 2147 complecterentur,
1459 2084 1506 2122 ut
1528 2080 1694 2122 laudem

157 2141 309 2196 poetae
341 2153 390 2181 eo
421 2139 557 2194 magis
598 2139 743 2194 augeri
773 2142 988 2195 putarent,
1030 2139 1066 2182 si
1096 2154 1189 2181 eum
1231 2138 1514 2182 Christianum
1565 2139 1694 2181 fuisse

154 2199 400 2254 probarent.
463 2198 612 2253 Itaque
662 2213 712 2239 ex
759 2198 968 2253 principio
1016 2198 1206 2253 prompti
1250 2198 1301 2239 ad
1334 2197 1413 2239 hoc
1444 2197 1693 2239 eredendum

159 2257 322 2300 duobus
339 2255 424 2298 illis
456 2257 665 2324 poem-atis
697 2257 795 2299 freti
827 2271 888 2308 ea,
922 2271 1028 2313 quae
1074 2271 1124 2299 ex
1154 2256 1324 2313 scriptis
1368 2256 1501 2313 ipsius
1546 2259 1696 2312 poetae

158 2316 225 2358 vel
258 2316 352 2357 aliis
387 2316 437 2356 de
470 2316 608 2358 causis
639 2317 799 2372 opponi
830 2319 1039 2370 poterant,
1087 2316 1196 2357 levia
1241 2316 1437 2357 arbitrati
1469 2316 1593 2357 facile
1624 2320 1697 2357 aut

158 2373 370 2417 reicienda
418 2376 492 2416 aut
526 2375 717 2429 quamvis
749 2377 941 2418 contorte
973 2374 1025 2417 ad
1057 2375 1289 2417 sententias
1336 2389 1431 2417 suas
1463 2389 1696 2417 accommo-

156 2434 295 2475 danda
327 2436 590 2476 censuerunt.
653 2434 811 2476 Contra
856 2434 928 2475 alii
972 2448 1145 2475 numero
1190 2434 1386 2484 minores,
1443 2434 1696 2476 auctoritate

250 2597 276 2641 ¹)
299 2597 530 2633 Jahrbiicher
572 2596 636 2632 des
660 2596 805 2633 vei-eius
848 2608 918 2633 von
955 2598 1361 2634 alterthumsfreunden
1386 2597 1437 2633 im
1476 2597 1693 2633 rheinlande

159 2644 241 2680 VII.
265 2644 556 2690 Moselgedichte
581 2643 646 2680 des
671 2643 844 2680 Decimus
869 2645 1025 2691 Magnus
1052 2646 1234 2682 Ausonius
1274 2645 1350 2680 und
1392 2646 1456 2681 des
1483 2644 1690 2681 Venantius

160 2691 647 2784 Ηοῐὲῧτίυέὃῦίεωθῃήὶαωιε
661 2691 897 2734 Fortunatus,
922 2692 1121 2728 lateinisch
1145 2694 1219 2727 und
1245 2692 1409 2728 deut-sch.
1460 2693 1561 2727 Bonn
1591 2692 1691 2726 1845.

304 2785 561 2822 Ehemeridis
587 2784 803 2831 precatione
827 2787 866 2821 et
891 2785 1028 2831 Idyllio
1054 2787 1082 2822 Ι.

250 2832 279 2878 ³)
268 2786 361 2869 >CF
381 2831 634 2879 praefationes
672 2834 711 2868 et
735 2832 846 2873 vitas,
887 2844 978 2877 quas
1015 2834 1054 2868 hi
1080 2833 1152 2869 viri
1177 2833 1404 2870 editionibus
1437 2833 1512 2867 suis
1537 2843 1690 2878 operum

158 2880 311 2917 Ausonii
338 2879 624 2926 adscripserunt.

1441 2954 1455 2988 1
