1966 3192
911 97 1040 163 v251

247 248 435 294 ‘Mortuis
475 263 654 292 munera.
680 250 924 304 quotannis
974 251 1248 303 persolvenda
1297 266 1386 292 esse
1427 250 1602 292 dicitur:
1654 249 1780 304 Verg.

395 309 483 353 Ecl.
516 308 568 357 V,
594 309 680 357 ‚673
710 308 814 350 Aen.
846 308 897 358 V,
930 309 985 350 53
1006 312 1059 350 'et
1088 308 1191 351 Ans.-
1230 309 1367 351 Praef.
1401 308 1496 352 Par.
1528 310 1568 350 6.

257 366 371 409 Mors
402 367 562 409 iuvenis
593 381 687 410 cum
717 367 817 409 flore
846 367 1146 422 languescente
1177 371 1466 424 comparatur:
1514 367 1641 423 Verg.
1676 366 1781 408 Aen.

397 426 470 481 IX,
503 427 587 468 433
619 441 681 480 sq.
714 430 757 468 et
788 427 890 469 Aus.
921 426 1017 468 Par.
1048 426 1205 476 XXIII,
1241 429 1306 469 15.

258 483 431 525 Animas
476 487 733 526 mortuorum
790 499 887 526 voce
919 484 1025 526 ciere
1065 485 1223 527 funeris
1263 500 1351 528 esse
1390 485 1526 527 instar
1564 486 1783 526 narratur:

397 542 525 597 Verg.
558 543 660 586 Aen.
676 543 747 594 VI,
761 545 845 586 506
876 546 918 586 et
948 543 1176 586 AussProf.
1207 544 1555 595 XXV,6;Praef.
1588 543 1680 585 Par.
1716 544 1783 583 10.

259 601 414 642 Eadem
445 604 668 657 praecepta
699 601 1038 657 de'agri'cultura
1072 603 1246 645 dantur:
1279 602 1404 658 Verg.
1437 603 1586 658 Georg.
1619 601 1653 652 I,
1688 601 1783 648 10ος

401 660 484 701 230
517 663 559 701 et
588 659 690 703 Ans.
723 660 783 703 Id.
821 660 931 702 VIII.
965 662 1003 704 8.
1040 663 1103 704 12.

261 718 462 773 Rhodope
502 723 545 760 et
586 719 803 774 Pangaeus
844 720 1103 762 coniunctim
1134 721 1428 762 nominanlzur:
1471 719 1598 775 Verg.
1631 718 1784 773 Georg.

401 777 473 827 IV,
507 779 587 820 461
622 781 665 820 et
695 778 793 820 Ans.
826 778 932 821 Mos.
968 780 1061 821 158.

262 836 445 877 Ismarus
486 837 572 877 vini
613 837 728 878 ferax
768 852 855 879 esse
895 838 1070 879 dicitur:
1112 838 1238 892 Verg.
1272 838 1424 892 Georg.
1456 837 1511 890 II,
1553 837 1606 878 37
1639 851 1699 889 sq.
1744 836 1787 875 et

402 894 501 937 Aus.
534 894 641 938 Mos.
678 896 757 937 156
790 911 850 951 sq.
887 896 889 899 ’

263 953 434 995 Rhenus
474 954 658 995 bicornis
697 956 959 996 nominatur:
1008 955 1134 1010 Verg.
1178 956 1284 998 Aen.
1318 955 1431 1003 VIII,
1472 955 1553 996 727
1601 956 1644 994 et
1684 952 1784 993 Aus.

407 1011 512 1054 Mos.
555 1014 639 1055 436
671 1028 731 1068 sq.

264 1070 432 1130 Fluvius
475 1071 713 1127 appellatur
754 1073 971 1127 corniger:
1023 1072 1150 1127 Verg.
1193 1072 1297 1114 Aen.
1336 1072 1454 1122 VIII,
1498 1073 1556 1127 77·
1602 1074 1645 1112 ef,
1685 1070 1786 1110 Aus.

403 1130 508 1172 Mos.
541 1131 637 1172 469.

266 1189 442 1231 Rosaria
463 1188 604 1230 Paesssi
635 1197 1033 1232 commemorantur:
1066 1190 1192 1245 Verg.
1216 1190 1368 1244 Georg.
1403 1189 1476 1237 IV,
1511 1190 1591 1231 119
1623 1192 1665 1229 et
1686 1187 1785 1229 Aus.

264 1305 438 1361 Abydus
461 1307 608 1348 ostreis
632 1307 842 1348 abundare
864 1307 1064 1348 traditur:
1097 1306 1223 1360 Verg.
1256 1307 1407 1361 Georg.
1442 1306 1474 1355 I,
1509 1306 1590 1347 207
1623 1307 1665 1345 et
1687 1304 1785 1345 Aus.

403 1364 538 1418 Epist.
570 1364 643 1415 IX,
677 1366 743 1406 29.
789 1376 797 1384 ·

267 1422 531 1464 Adiectivum
556 1423 781 1466 «Doricus»
814 1427 1040 1479 usurpatur
1071 1439 1146 1480 pro
1169 1424 1376 1466 adiecfiivo
1403 1423 1633 1465 «varaecus
1658 1421 1785 1476 Verg.

406 1483 509 1523 Aen.
543 1482 597 1532 II,
631 1485 706 1530 272
740 1483 811 1532 VI,
845 1484 899 1524 88
931 1486 973 1524 et
1003 1484 1102 1524 Aus.
1137 1483 1272 1540 Episls.
1305 1482 1440 1532 XXII,
1473 1479 1512 1524 4.

266 1539 327 1582 De
358 1540 529 1596 Euryali
568 1545 611 1583 et
642 1541 735 1584 Nisi
780 1542 966 1584 amicitia
1003 1542 1163 1597 agitur:
1207 1541 1334 1613 Verg.
1378 1542 1483 1584 Aen.
1516 1540 1589 1591 IX,
1625 1542 1706 1583 176
1747 1543 1789 1582 et

405 1600 504 1641 Aus.
538 1601 673 1655 Epist.
706 1601 858 1650 XXIV,
885 1603 952 1642 35

380 1658 592 1700 similibus
644 1660 779 1701 verbis
821 1659 1031 1701 Ausonius
1081 1660 1312 1702 senfientias
1363 1660 1562 1714 quasdam
1611 1658 1790 1713 Vergilii

266 1718 454 1758 narravit
485 1717 599 1758 hisee
630 1719 837 1760 versibus:

265 1799 376 1845 Verg.
402 1799 491 1835 Aen.
519 1799 561 1839 X,
587 1800 651 1834 501
680 1811 733 1844 sq.

405 1846 608 1888 Nescia
639 1847 1023 1888 menshominum
1054 1847 1132 1888 fati
1164 1846 1371 1901 sorssisque
1403 1846 1568 1888 futurae

405 1905 460 1946 Et
491 1920 708 1946 servare
740 1906 945 1947 modum
976 1906 1131 1947 rebus
1164 1906 1385 1947 sublata
1417 1905 1699 1946 secundis!

266 1976 352 2011 Aus.
378 1975 476 2010 Clar.
501 1975 589 2010 Urb.
616 1975 677 2016 VI,
703 1977 724 2010 3
749 1987 801 2019 sq.
1590 1974 1743 2018 (Capua)

404 2023 590 2065 Fortuna
622 2023 811 2064 variansse
842 2023 963 2071 vices,
996 2038 1132 2078 quae
1166 2025 1302 2064 freta
1335 2022 1582 2064 secundis

403 2081 657 2123 Nescivit
688 2097 906 2123 servare
938 2083 1153 2124 modum.

266 2164 377 2209 Verg.
404 2164 489 2197 Aen.
516 2162 576 2205 VI,
601 2163 670 2198 443
696 2175 749 2207 sq.

405 2211 562 2253 secreti
593 2212 732 2252 celant
763 2211 887 2253 calles
920 2213 962 2252 et
994 2214 1199 2266 myrtea
1231 2210 1425 2252 circum

405 2269 553 2312 Silva
592 2270 758 2324 tegit;
784 2290 790 2294 2

267 2340 353 2379 Aus.
383 2339 434 2374 Id.
461 2339 522 2380 VI,
548 2339 579 2373 2.

320 2392 323 2395 ⁴
404 2386 645 2441 Myrteus
677 2390 864 2428 amentes
895 2387 966 2428 ubi
998 2388 1153 2429 lucus
1184 2388 1383 2441 opacat
1415 2388 1603 2427 amantes

267 2470 377 2513 Verg.
403 2468 481 2502 Ecl.
506 2468 565 2509 ΙΙΙ,
592 2469 658 2502 106
685 2468 770 2512 sq.¹)

404 2515 495 2563 Dic,
526 2515 676 2569 quibus
706 2516 749 2557 in
782 2516 905 2557 terris
937 2515 1207 2569 inscripsi
1239 2515 1457 2557 nomina
1487 2528 1667 2568 regum

405 2573 712 2615 Nascantur
742 2574 920 2615 flores
951 2578 1030 2617 etc.

266 2646 353 2680 Aus.
378 2644 429 2679 Id.
456 2643 516 2685 VI,
543 2644 564 2678 8
590 2655 642 2688 sq.

408 2692 591 2741 Quorum
624 2706 697 2746 per
727 2692 842 2746 ripas
874 2692 1072 2733 nebuloso
1104 2691 1260 2733 lumine
1281 2694 1468 2732 marcent

405 2750 547 2793 Flessi
579 2750 705 2792 olim
748 2764 930 2806 regum
971 2752 1024 2792 el)
1055 2765 1340 2806 puerorum
1380 2750 1594 2791 nomina
1624 2750 1792 2792 flores

359 2869 385 2913 ¹)
410 2869 517 2911 Vide,
543 2880 636 2915 quae
661 2867 897 2914 Ladewigius
924 2868 973 2905 ad
996 2868 1094 2904 hunc
1118 2868 1240 2904 locum
1265 2866 1465 2904 now-erit.
