1966 3192
940 106 965 152 (¹)

174 247 338 284 remota
368 244 513 299 colligi
543 257 628 285 non
647 246 800 299 potest,
813 246 941 299 atque
958 247 1138 300 apparet
1154 244 1457 301 Boeckingium
1481 242 1716 300 neglexisse

177 302 399 345 Aemiliam
460 303 667 346 Hilariam
728 307 1107 354 materteram,
1171 304 1329 347 Juliam
1384 302 1716 359 cataphroniam

178 363 393 404 amitam
414 362 592 404 Ausonii
623 362 767 412 fuisse,
801 364 843 404 id
877 363 989 418 quod
1021 378 1120 404 sane
1152 364 1199 404 in
1228 366 1376 405 nostro
1407 376 1610 415 sermone,
1641 361 1716 412 ubi

178 421 324 467 eadem
356 437 434 464 vox
465 425 690 477 utrumque
722 422 946 478 significat,
981 437 1065 464 non
1099 423 1392 478 distinguitur.

296 481 396 523 Cum
429 481 559 535 igitur
590 482 640 522 de
687 482 836 523 ceteris
877 482 1072 536 cognatis
1103 481 1315 523 Ausonius
1344 482 1391 522 in
1423 480 1718 523 Parentalibus

181 539 287 580 nihil
304 541 704 589 commemoraverit,
729 541 840 594 quod
857 540 943 581 ullo
962 540 1085 581 modo
1103 541 1155 582 ad
1171 540 1418 594 religion-em
1436 539 1716 582 Christianem

180 598 328 638 referri
360 601 522 651 posset,
571 613 672 639 sane
704 599 772 639 vix
802 599 1045 648 errabimus,
1078 599 1112 639 si
1143 597 1393 653 negabimus
1425 598 1489 639 vel
1521 600 1719 653 parentes

181 659 468 712 cognatosque
500 657 566 698 vel
602 657 829 699 Ausonium
863 657 1014 712 ipsum,
1062 657 1193 699 donec
1240 657 1291 698 ad
1323 656 1529 711 palatium
1561 656 1718 698 Valen-

179 715 335 756 tiniani
366 719 539 757 vocatus
571 719 694 766 esset,
727 716 852 759 fidem
869 715 1155 758 Christianam
1187 715 1423 770 professum
1453 730 1555 757 esse.
1607 714 1718 756 Nam

179 788 315 828 neque
345 774 435 828 ipse
465 779 612 816 narrat
644 789 687 816 se
718 788 767 816 eo
799 778 1001 828 tempore,
1054 788 1138 828 quo
1169 774 1422 829 Burdigalae
1453 773 1719 829 grammatici

181 836 224 874 et
254 832 437 874 rhetoris
468 847 639 874 munere
671 834 939 889 fungebatur,
974 834 1025 874 ad
1056 848 1175 875 sacra
1207 833 1447 875 Christiana
1479 833 1718 888 confugisse

180 906 316 946 neque
348 892 401 932 ab
423 892 763 946 imperatoribus,
796 896 845 933 ut
867 892 945 934 hoc
975 892 1146 942 faceret,
1180 894 1349 934 coactus
1388 906 1476 933 esse
1505 891 1718 946 putandus

180 953 256 999 est,
289 950 390 1004 quia
427 950 565 991 Gallia
597 966 729 1005 usque
760 951 813 991 ad
849 950 1118 992 Constantini
1149 951 1299 1005 Magni
1330 954 1524 1005 tempora
1555 963 1719 1004 semper

179 1008 561 1063 indulgentissimis
609 1009 855 1051 Caesaribus
900 1009 1139 1064 paruerat1)
1192 1013 1235 1051 et
1266 1008 1567 1051 Constantinus
1612 1008 1717 1063 ipse,

181 1068 372 1121 quamvis
389 1067 642 1109 Christianis
658 1069 833 1119 faveret,
853 1072 996 1113 tamen
1015 1070 1131 1109 nullo
1147 1069 1272 1109 modo
1291 1068 1482 1109 ethnicos
1509 1068 1719 1109 offendere

182 1140 307 1167 ausus
325 1129 429 1176 erat,
452 1127 609 1182 quippe
631 1127 704 1181 qui
726 1141 900 1168 numero
921 1127 1048 1182 longe
1076 1126 1310 1181 superiores
1332 1124 1522 1182 essent2).
1584 1125 1719 1168 Immo

182 1200 280 1226 vero
311 1185 576 1227 sacerdotum
609 1186 874 1227 ethnicorum
892 1187 1093 1241 collegiiS,
1126 1186 1236 1227 sicut
1268 1188 1393 1226 antea
1424 1185 1582 1227 factum
1614 1188 1718 1234 erat,

183 1258 367 1285 annuam
414 1245 636 1298 pecuniam
668 1245 871 1294 solvebat,
924 1258 1007 1298 qua
1039 1245 1210 1285 deorum
1241 1244 1504 1298 splendorem
1537 1246 1719 1285 veterem

182 1306 399 1344 servarent
430 1303 699 1357 ipsorumque
731 1304 863 1344 vitam
895 1301 1240 1357 sustentarent3).
1309 1301 1510 1357 Magnam
1557 1303 1720 1356 copiam
1759 1348 1761 1350 ,

181 1361 434 1415 templorum
467 1361 546 1402 diis
563 1361 775 1403 veteribus
797 1361 994 1417 Byzantii
1018 1364 1298 1411 exstruxerat,
1331 1363 1465 1403 totam
1498 1375 1572 1416 per
1588 1361 1720 1402 vitam

115 1463 122 1469 ,
180 1420 394 1476 pontificis
416 1421 587 1462 maximi
610 1435 780 1461 munere
811 1420 981 1462 functus
1012 1436 1098 1462 una
1120 1436 1213 1462 cum
1245 1420 1324 1462 hoc
1341 1435 1512 1462 munere
1536 1420 1720 1461 auctori-

180 1480 284 1521 tatis
343 1479 515 1520 deorum
567 1480 889 1534 amplificandae
935 1481 1133 1521 officium*
1181 1478 1476 1534 susceperat.4)
1561 1478 1721 1528 Quibus

180 1539 306 1581 rebus
339 1538 496 1593 optime
528 1539 701 1580 docetur
733 1554 757 1580 a
789 1538 1069 1581 Constantino
1101 1539 1352 1593 imperatore
1399 1538 1588 1580 ethnicos
1619 1552 1720 1593 prae

182 1597 437 1640 Christianis
470 1598 687 1652 neglectos
719 1598 890 1639 omnino
923 1613 1006 1639 non
1039 1598 1179 1639 fuisse.
1242 1597 1499 1639 Posteriores
1539 1598 1721 1652 impera-

181 1659 307 1710 tores,
340 1656 505 1697 etiamsi
538 1657 692 1711 passim
725 1657 929 1710 templum
961 1657 1136 1699 alicuius
1170 1657 1236 1698 dei
1267 1656 1404 1698 claudi
1425 1656 1651 1705 iusserunt,
1672 1659 1722 1697 ut

182 1731 282 1770 opes
302 1715 362 1757 ibi
384 1716 668 1757 accumulatas
699 1716 743 1757 in
764 1718 1021 1770 potestatem
1052 1731 1169 1758 suam
1201 1713 1495 1771 redigerentf’),
1529 1715 1720 1757 ethnicos

181 1776 295 1829 ipsos
342 1774 507 1815 turbari
554 1789 640 1816 non
686 1775 801 1829 passi
842 1778 955 1825 sunt,
1002 1775 1225 1815 dummodo
1257 1775 1399 1828 quiete
1439 1788 1482 1814 se
1512 1774 1721 1815 haberent

181 1833 449 1887 tumultuque
482 1833 756 1875 abstinerent.
820 1833 930 1883 Quin
972 1834 1099 1875 etiam
1142 1834 1292 1875 summi
1323 1833 1601 1888 magistratus
1647 1847 1721 1886 per

181 1892 375 1934 ethnicos
407 1892 827 1941 administrabantur,
876 1907 1004 1947 penes
1036 1907 1141 1946 quos
1173 1907 1336 1933 summa
1368 1891 1547 1933 eruditio
1577 1891 1721 1946 reique

181 1950 380 1993 militaris
411 1951 589 1993 scientia
606 1949 768 2004 esset⁶)‚
802 1954 845 1993 et
875 1966 1006 2006 usque
1038 1952 1088 1993 ad
1109 1952 1235 1994 finem
1256 1951 1412 1993 saeculi
1434 1951 1574 2005 quarti
1593 1951 1721 2005 longe

180 2012 407 2055 maximam
429 2014 595 2065 partem
617 2014 859 2051 senatorum
881 2012 1014 2051 veteri
1035 2011 1231 2064 religioni
1253 2010 1475 2051 indulsisse
1498 2007 1719 2064 constaffl).

180 2069 331 2124 Itaque
363 2083 413 2110 ex
444 2083 506 2120 eo,
541 2068 652 2124 quod
683 2069 896 2111 Ausonius
929 2084 1041 2111 anno
1074 2070 1158 2112 379
1192 2085 1232 2124 p.
1259 2068 1352 2111 Chr.
1387 2084 1427 2110 n.
1462 2068 1607 2110 consul
1630 2068 1722 2110 fuit

179 2129 408 2183 paucisque
440 2129 563 2169 annis
611 2133 736 2169 antea
768 2129 862 2168 aliis
894 2128 1174 2182 dignitatibus
1206 2131 1381 2168 ornatus
1428 2130 1502 2175 est,
1550 2127 1722 2168 minime

182 2186 292 2229 effici
323 2188 467 2242 potest
513 2200 606 2228 eum
638 2186 765 2228 fuisse
813 2185 1113 2238 Christianum,
1160 2186 1411 2241 praesertim
1457 2200 1550 2228 cum
1596 2184 1723 2227 etiam

181 2245 458 2301 Symmachus
491 2260 603 2287 anno
635 2246 732 2296 391,
784 2261 906 2300 quem
938 2247 1106 2301 quidem
1139 2260 1283 2287 omnes
1317 2245 1469 2286 veteris
1501 2245 1720 2300 religionis

181 2303 540 2347 studiosissimum
572 2303 700 2346 fuisse
732 2304 1017 2358 consentiunt,
1051 2304 1314 2346 consulatum
1346 2302 1580 2359 gesseritss).

298 2363 579 2405 Transeamus
609 2364 694 2405 iam
727 2364 780 2405 ad
810 2364 1105 2405 Valentiniani
1139 2364 1265 2419 primi
1296 2364 1554 2411 societatem,
1596 2377 1720 2416 quam

180 2438 274 2465 cum
318 2425 447 2477 poeta
488 2425 637 2464 nostro
668 2422 820 2464 habuit
866 2426 909 2464 et
950 2423 1176 2472 videamus,
1223 2422 1325 2477 quid
1356 2422 1622 2464 iudicandum
1666 2421 1724 2462 sit

275 2562 302 2628 ¹²)
327 2562 494 2616 Richter,
521 2563 586 2598 das
611 2565 796 2598 westrom.
822 2562 934 2600 reich.
983 2574 1019 2607 p.
1045 2564 1101 2597 59.

274 2611 303 2698 εἷ
328 2609 482 2710 ἕξᾏῗιῖἶῖ
500 2622 536 2692 ¹1³]
558 2610 645 2702 ᾗδὲ).
671 2658 726 2692 87.
746 2658 802 2692 88.

273 2704 302 2747 4)
327 2703 481 2739 Richter
505 2704 531 2739 l.
557 2704 581 2738 l.
607 2715 644 2749 p.
670 2704 726 2738 87.

274 2750 303 2817 Ζ)
327 2751 382 2832 {g
408 2762 444 2796 p.
472 2751 539 2832 {gg
564 2753 602 2787 et
629 2751 706 2788 126.

274 2802 300 2887 ⁷3
326 2810 572 2887 Barti'lihardt
585 2844 646 2880 die
660 2844 734 2880 zeit
748 2844 988 2881 Constantius
1001 2845 1066 2879 des
1082 2855 1244 2890 grossen.
1282 2843 1391 2879 Basel
1406 2843 1506 2878 1853.
1532 2855 1617 2889 pag.
1637 2843 1716 2879 492.

274 2891 302 2935 Β)
328 2891 481 2933 Teuffel,
507 2896 599 2928 rom.
625 2892 784 2928 litterat.
810 2892 857 2927 II.
883 2894 903 2936 ξ
929 2893 1009 2927 418.
