1966 3192
965 98 1019 140 27

228 228 341 272 Verg.
363 227 457 265 Aen.
483 226 548 268 IV,
574 227 654 263 215.

367 271 566 317 Et'nunc
596 273 667 315 ille
697 268 853 316 Paris
884 288 979 316 cum
1010 272 1260 316 semiviro
1292 272 1496 315 comitatu

231 345 317 380 Aus.
334 344 395 379 Id.
423 343 505 385 XII,
532 344 577 379 de
602 343 689 380 hist.
714 344 770 379 22.

370 391 578 433 Barbarus
610 394 675 433 cst
703 392 858 447 Lydus,
893 392 1026 434 bellax
1045 391 1176 443 Geta,
1209 391 1258 432 fe
1270 391 1376 436 min
1390 405 1411 432 e
1422 405 1449 431 u
1460 405 1478 431 s
1509 390 1542 431 P
1556 389 1581 430 h
1594 404 1649 444 ry
1661 404 1687 429 x

231 473 341 518 Verg.
367 474 457 508 Aen.
485 473 548 515 XI,
574 474 652 508 701.

370 519 488 562 Haut
518 520 552 561 L
565 521 619 576 ig
633 536 661 562 u
672 536 694 562 r
705 536 732 562 u
745 535 786 562 m
818 523 1039 571 extremus,
1072 521 1169 562 dum
1202 521 1221 562 f
1228 521 1277 562 al
1290 520 1335 561 le
1346 534 1397 561 re
1442 520 1532 561 fata
1562 519 1757 560 sinebant

230 590 316 625 Aus.
342 590 397 625 Id.
422 590 504 632 XII,
530 590 575 626 de
600 590 685 627 hist.
704 591 759 627 23.

367 637 623 681 Fallaces
653 638 903 694 Ligures:
935 639 1050 681 nullo
1082 639 1189 680 situs
1220 639 1263 679 in
1294 638 1431 693 pretio
1462 637 1555 679 Car.

171 720 178 726 .
230 743 339 789 Verg.
366 743 498 789 Georg.
522 743 569 786 II,
589 744 666 778 121.

308 830 315 837 ,
369 790 711 846 Velleraque
742 795 790 833 ut
819 791 978 833 foliis
1009 791 1312 846 depectant
1342 790 1487 832 tenuia
1518 789 1703 831 Seres?

230 860 316 894 Aus.
343 860 396 895 Id.
423 860 504 895 XII.
531 861 577 896 de
602 861 688 896 hist.
714 862 770 895 24.

368 907 587 950 Vellera
618 909 870 964 depectit
900 908 1211 951 nemoralia
1243 907 1456 950 vestifluus
1487 905 1575 949 Ser.

233 1012 345 1058 Verg.
371 1012 448 1048 Ecl.
474 1013 537 1055 lx,
562 1014 618 1048 47.

369 1059 475 1103 Ecce
506 1061 733 1103 Dionaei
762 1062 991 1117 praecessit
1022 1061 1272 1104 Caesaris
1304 1064 1509 1108 astrum

231 1128 316 1164 Aus.
342 1130 468 1175 Eelog.
491 1130 577 1166 dist.
603 1131 647 1165 de
671 1127 754 1165 iisd.
780 1131 935 1166 mensib.
960 1132 1015 1167 13.

370 1177 472 1220 Inde
503 1178 604 1221 Dio
619 1194 751 1222 naeo
784 1179 1052 1235 praefulgens
1082 1178 1265 1221 Julius
1297 1181 1447 1220 astro

232 1280 339 1327 Verg.
365 1282 454 1317 Aen.
480 1282 561 1325 XII,
587 1284 665 1318 750.

371 1329 593 1372 Cervom
626 1334 699 1372 aut
722 1331 921 1385 puniceae
952 1335 1200 1386 saeptum
1223 1329 1520 1372 formidine
1553 1330 1767 1384 pinnae

232 1409 318 1444 Aua.
344 1410 463 1455 Epist.
488 1411 551 1452 IV,
577 1412 621 1446 28
646 1423 699 1456 sq.
1340 1432 1349 1441 .
1375 1433 1383 1441 .
1409 1434 1418 1442 .
1442 1432 1450 1440 .
1478 1394 1675 1441 cervos'

371 1457 683 1502 circumdas
715 1459 888 1502 maculis
920 1462 961 1501 et
991 1459 1125 1501 multa
1155 1459 1411 1514 indagine
1442 1459 1647 1514 pinnae

232 1550 344 1597 Verg.
370 1552 460 1587 Aen.
486 1552 530 1594 V,
557 1553 635 1588 320.

371 1599 655 1642 Proximus
686 1600 783 1641 huic
813 1601 974 1655 longo
1006 1603 1088 1642 set
1127 1600 1408 1654 proximus
1448 1599 1754 1641 intervallo

231 1669 318 1704 Aus.
344 1669 462 1715 Epist.
488 1670 550 1705 IX.
576 1671 633 1705 26.

371 1717 404 1757 Ρ
416 1732 437 1758 r
449 1732 473 1759 0
486 1719 536 1758 xi
547 1732 587 1758 m
599 1733 623 1759 a
653 1719 739 1759 sint
769 1719 951 1771 quaevis,
983 1719 1054 1759 sed
1086 1719 1210 1772 longe
1242 1733 1269 1771 p
1280 1732 1301 1758 r
1311 1732 1335 1758 o
1352 1733 1379 1758 x
1390 1719 1455 1758 im
1470 1733 1494 1758 a
1524 1718 1657 1776 multo

354 1774 433 1817 'Ex
463 1775 767 1818 intervallo

234 1868 345 1913 Verg.
371 1869 448 1903 Ecl.
472 1868 575 1910 VIII,
603 1871 622 1904 7
649 1882 700 1914 sq.
1216 1873 1274 1899 en
1315 1858 1420 1899 erit
1450 1872 1679 1911 unquam

371 1915 476 1958 Ille
508 1916 648 1967 dies,
683 1917 785 1959 mihi
817 1931 908 1959 cum
939 1916 1113 1959 liceat
1143 1919 1238 1958 tua
1269 1916 1452 1959 dicere
1492 1916 1612 1958 fata

234 1986 321 2021 Aus.
346 1987 464 2021 Praef.
489 1987 607 2031 Epist.
636 1988 734 2022 XVI.

374 2033 441 2075 Το
457 2048 508 2075 rs
550 2034 689 2085 fuat,
731 2036 792 2086 ut,
832 2035 868 2076 si
897 2034 1002 2076 mihi
1032 2035 1119 2076 vita
1149 2037 1361 2088 suppetet,
1394 2034 1554 2088 aliquid
1585 2049 1756 2075 rerum

512 2096 561 2135 tu
577 2108 601 2135 a
611 2109 667 2135 ru
678 2109 720 2135 m
761 2094 953 2149 quamvis
983 2093 1164 2136 incultus
1196 2108 1253 2135 ex
1266 2109 1293 2149 p
1307 2109 1328 2135 e
1340 2093 1389 2135 di
1404 2109 1429 2135 a
1441 2108 1483 2135 m
1514 2097 1591 2135 etc.

236 2185 346 2231 Verg.
372 2186 462 2221 Aen.
487 2186 531 2228 X,
557 2188 636 2222 547.

374 2233 607 2277 Dixerat
637 2235 707 2276 ille
739 2234 958 2289 aliquid
997 2249 1242 2289 magnum
1271 2235 1438 2289 vimque
1471 2235 1600 2277 affore
1633 2235 1757 2277 verbo

512 2293 754 2336 Crediderat
785 2296 862 2336 etc.

235 2362 320 2397 Aus.
345 2351 463 2407 Epist.
488 2363 621 2406 XXIV,
648 2364 702 2398 51.

374 2410 588 2453 Grande
610 2410 834 2465 aliquod
855 2411 1071 2452 verbum
1092 2411 1289 2453 nimirum
1311 2411 1558 2464 diximus,
1580 2414 1628 2452 ut
1648 2426 1756 2453 se...

234 2502 345 2546 Verg.
370 2502 460 2538 Aen.
486 2502 549 2545 IV,
575 2504 655 2538 584.
1574 2504 1666 2548 (Sol)

373 2550 431 2593 Et
460 2551 544 2593 iam
575 2551 711 2606 prima
741 2565 850 2593 novo
880 2565 937 2606 sp
952 2566 1008 2592 ar
1020 2551 1117 2606 geb
1132 2554 1185 2593 at
1213 2551 1369 2593 lumine
1400 2554 1452 2593 te
1464 2566 1485 2593 r
1497 2566 1517 2592 r
1529 2567 1584 2594 as

232 2619 343 2666 Verg.
368 2621 459 2656 Aen.
485 2620 548 2663 XI,
575 2621 651 2657 183.

372 2668 594 2712 Extulerat
622 2669 758 2712 lucem
788 2669 1036 2711 referens
1069 2684 1232 2726 opera
1263 2672 1419 2725 atque
1450 2670 1671 2713 labores

233 2739 320 2775 Aus.
346 2740 427 2775 Per.
452 2740 494 2775 Il.
528 2739 590 2775 XI.
615 2740 648 2775 2.

373 2786 401 2829 S
411 2802 438 2843 p
453 2802 478 2829 a
490 2802 511 2829 r
521 2801 550 2844 g
562 2802 583 2830 e
596 2788 623 2830 b
633 2803 658 2830 a
669 2791 688 2830 t-
719 2790 738 2829 t
748 2802 769 2829 e
779 2802 800 2828 r
811 2802 831 2829 r
842 2802 867 2829 a
877 2801 896 2829 s
926 2788 1110 2830 referens
1142 2802 1268 2843 opera
1299 2791 1424 2844 atque
1464 2790 1639 2832 labores.
