1966 3192
985 160 1009 203 7

222 291 271 335 de
303 291 514 335 sententia
544 305 698 342 eorum,
733 291 802 347 qui
826 290 1073 347 Ausonium,
1105 291 1187 334 nisi
1223 290 1485 335 Christianus
1516 290 1679 343 fuisset,
1704 292 1754 335 ad

221 350 515 395 Valentiniani
559 351 765 407 palatium
811 352 937 394 acciri
979 367 1063 394 non
1109 352 1296 406 potuisse
1339 352 1613 394 contendunt.
1676 352 1755 402 Qui

220 411 461 467 imperator,
515 425 768 466 quamquam
809 425 949 453 amore
990 425 1145 467 magno
1185 410 1432 467 religionem
1469 410 1754 454 Christianam

221 469 566 526 amplectebatur,
618 474 760 511 tamen
802 470 1191 525 indulgentissimus
1243 474 1287 512 et·
1323 471 1577 512 iustissimus
1627 471 1672 512 in
1704 472 1755 513 iis

219 531 356 579 rebus,
390 543 495 584 quae
527 529 579 570 ad
608 529 855 584 religionem
886 530 1172 583 pertinebant,
1205 529 1257 570 ab
1290 529 1485 571 omnibus
1508 529 1754 580 celebratur,

220 587 292 643 qui
331 588 524 641 imperio
572 588 658 628 eius
713 588 989 642 parebant¹);
1040 590 1258 642 praeterea
1312 586 1611 643 Themistius2)
1662 603 1754 629 eum

220 659 386 700 quoque
418 645 567 686 studiis
598 645 793 687 humanis
825 659 1079 701 magnopere
1115 646 1301 688 deditum
1332 644 1459 687 fuisse
1481 646 1625 696 tradit,
1650 661 1756 701 quae

220 704 401 759 quidem,
436 704 545 746 sicut
566 704 740 746 Richter
767 705 926 759 optime
957 704 1167 755 describit,
1201 720 1225 746 a
1247 703 1512 755 Christianis,
1535 706 1754 760 perpaucis

218 763 343 805 modo
376 763 571 817 exceptis,
613 764 737 818 plane
779 763 1161 819 neglegebanturss).
1224 763 1374 818 Itaque
1421 764 1455 804 si
1485 738 1616 805 silium
1649 764 1754 806 Gra-

219 822 383 864 tianum
414 822 606 864 omnibus
636 823 689 864 iis
721 822 882 864 artibus
913 822 1150 877 litterisque
1175 822 1287 864 bene
1317 822 1540 864 informari
1556 823 1753 878 volebat,

217 880 368 936 quibus
410 895 453 922 se
495 896 667 935 puerum
709 896 793 922 non
835 882 1044 923 eruditum
1076 884 1203 936 atque
1234 881 1478 923 institutum
1510 896 1599 923 esse
1630 897 1754 937 saepe

218 939 442 992 dolebat4)‚
476 955 575 982 sane
606 955 690 982 non
713 940 997 982 Christianum
1029 941 1186 995 eligere
1218 940 1372 994 potuit,
1405 940 1476 981 sed
1507 955 1599 982 eum
1632 941 1683 982 ad
1712 957 1755 983 se

217 1012 367 1040 vocare
388 998 544 1048 debuit,
567 999 639 1052 qui
662 1012 747 1039 non
768 999 892 1040 modo
913 999 1002 1053 ipse
1024 999 1107 1040 illis
1129 999 1292 1040 artibus
1315 999 1493 1040 maxime
1515 998 1749 1049 excelleret,

216 1056 288 1099 sed
330 1057 457 1100 etiam
501 1056 745 1099 facultatem
777 1057 982 1113 optimam
1014 1057 1191 1100 docendi
1223 1058 1455 1113 praeberet.
1518 1056 1620 1111 Cum
1652 1073 1750 1101 vero

217 1116 330 1156 fama
361 1116 587 1157 dilatatum
635 1121 746 1157 esset
785 1120 1006 1170 utramque
1044 1118 1243 1157 virtutem
1290 1117 1558 1157 coniunctam
1590 1131 1678 1157 esse
1710 1118 1754 1157 in

217 1173 424 1224 Ausonio,
478 1174 552 1230 qui
598 1177 701 1217 tunc
733 1173 988 1230 Burdigalae
1028 1174 1211 1217 rhetoris
1261 1189 1430 1216 munere
1482 1175 1750 1231 fungebatur,

214 1247 308 1274 cum
349 1233 534 1275 virorum
578 1234 893 1288 ingeniosorum
936 1249 1091 1289 magna
1133 1233 1279 1288 inopia
1319 1231 1482 1287 esset5),
1525 1234 1597 1287 qui
1627 1234 1752 1275 iidem

215 1292 268 1333 ad
299 1291 531 1334 docendum
563 1292 704 1335 idonei
737 1296 889 1343 essent,
923 1308 1017 1334 cum
1039 1297 1160 1349 pater
1180 1291 1319 1334 Julius
1350 1292 1560 1333 Ausonius
1591 1307 1751 1334 summa

214 1351 481 1404 imperatoris
513 1352 653 1405 gratia
683 1352 905 1402 frueretur,
946 1366 1032 1393 non
1074 1352 1241 1399 mirum,
1286 1351 1398 1405 quod
1429 1350 1751 1392 Valentinianus

215 1409 355 1464 ipsum
387 1411 557 1466 poetam
579 1413 770 1452 nostrum
791 1410 971 1452 maxime
993 1410 1167 1466 dignum
1189 1410 1372 1465 putavit,
1406 1409 1479 1464 qui
1500 1408 1750 1452 Gratianum

214 1468 345 1510 filium
371 1469 423 1510 ad
444 1469 753 1511 humanitatem
775 1469 983 1511 educaret.
1046 1469 1158 1511 Nam
1171 1468 1383 1510 Ausonius
1389 1483 1570 1535 ’quoque
1591 1483 1751 1510 morum

214 1527 464 1583 integritate
496 1527 740 1579 excellebat,
783 1543 1036 1583 quamquam
1069 1527 1190 1570 multi
1222 1527 1331 1569 hanc
1363 1527 1401 1569 ei
1432 1527 1556 1583 plane
1588 1528 1750 1570 abiudi-

215 1587 391 1650 caudam
423 1602 512 1629 esse
534 1588 843 1637 existimarunt,
878 1588 976 1643 quia
1007 1590 1225 1630 centonem
1257 1586 1375 1628 illum
1403 1586 1677 1644 nuptialemss)
1708 1591 1750 1629 et

215 1636 403 1687 carmina
434 1647 636 1700 quaedam
672 1648 798 1702 paulo
830 1620 1093 1702 lasciviora⁷)
1131 1646 1174 1687 in
1208 1646 1340 1687 lucem
1371 1645 1571 1700 prodidit,
1611 1661 1635 1687 a
1665 1660 1746 1701 quo

215 1704 388 1747 crimine
419 1705 651 1747 rectissime
683 1720 775 1747 eum
807 1705 995 1747 defendit
1027 1702 1361 1761 Boeokingius8).

331 1762 564 1818 Religionis
596 1779 694 1806 vero
726 1764 992 1807 Christianae
1018 1764 1260 1806 ¹Gratianus
1285 1763 1519 1814 Ambrosio,
1552 1764 1749 1818 episcopo

218 1821 537 1873 Mediolanensi,
582 1826 855 1878 praeceptore
895 1837 994 1865 usus
1036 1824 1112 1873 est,
1155 1836 1279 1877 quem
1311 1836 1471 1864 summo
1504 1836 1645 1865 amore
1676 1837 1750 1877 per

214 1884 350 1922 totam
380 1881 514 1923 vitam
547 1883 776 1937 amplexus,
810 1897 932 1937 quem
964 1883 1013 1924 de
1034 1881 1294 1936 gravissimis
1310 1881 1434 1922 rebus
1445 1881 1497 1921 ad
1528 1881 1749 1936 imperium

214 1940 526 1996 pertinentibus
559 1940 776 1983 consulere
808 1941 957 1983 solitus
989 1943 1065 1991 est,
1099 1953 1222 1996 quem
1254 1954 1304 1980 ne
1336 1941 1468 1981 morte
1499 1954 1574 1981 sua
1605 1939 1747 1981 dolore

217 1998 416 2051 afficeret,
449 2000 582 2055 magis
615 2015 739 2055 quam
770 2003 947 2043 mortem
978 2001 1115 2056 ipsam
1146 1997 1345 2051 timuit9).
1406 1998 1515 2041 Huic
1536 1999 1624 2041 viro
1647 2015 1747 2041 sane

214 2060 307 2098 tota
357 2058 430 2098 illa
481 2059 617 2113 pietas
668 2059 894 2101 tribuenda
944 2064 1030 2109 est,
1088 2072 1171 2113 qua
1222 2057 1450 2099 Gratianus
1499 2057 1747 2112 religionem

215 2116 499 2159 Christianam
516 2118 693 2170 colebat,
712 2133 803 2160 cum
821 2118 1000 2160 Ausonii
1018 2117 1253 2172 praeceptis
1268 2116 1425 2158 factum
1438 2130 1527 2157 esse
1538 2120 1746 2170 putemus,

214 2183 263 2216 ut
294 2189 507 2229 nunquam
540 2177 771 2232 imperator
801 2177 955 2218 litteris
987 2177 1161 2225 deesset,
1207 2175 1279 2216 sed
1317 2177 1414 2229 post
1455 2174 1553 2215 belli
1583 2175 1747 2216 labores

214 2236 407 2289 peractos
439 2234 619 2278 libenter
649 2251 863 2278 musarum
894 2236 1055 2278 artibus
1088 2235 1274 2277 animum
1304 2232 1588 2287 relaxaretm).
1637 2233 1747 2276 Nam

214 2293 449 2334 Ausonium
480 2294 603 2336 huius
635 2295 807 2351 pietatis
829 2294 1093 2336 Christianae
1116 2293 1309 2335 Gratiani
1343 2295 1555 2334 auctorem
1585 2292 1745 2344 haberi,

311 2469 336 2511 1)
363 2468 526 2511 Richter,
553 2470 588 2505 d.
613 2482 657 2505 w.
683 2471 726 2508 R.
753 2482 788 2516 p.
814 2471 893 2506 254.

310 2515 335 2556 ²)
362 2518 455 2552 orat.
481 2517 547 2551 VI.
574 2518 627 2552 72.

310 2562 337 2605 ³)
364 2563 518 2599 Richter
543 2575 577 2608 p.
605 2565 683 2599 254.

310 2609 339 2653 4)
364 2610 468 2645 Idem
493 2622 530 2655 p.
556 2611 635 2646 296.

310 2656 336 2699 ⁶)
362 2658 630 2699 Buse‚Pa.u1in
654 2671 688 2694 u.
715 2657 816 2694 seine
840 2658 920 2695 Zeit
945 2658 973 2693 I.
1000 2671 1036 2704 p.
1065 2659 1142 2694 127.

310 2703 337 2746 ⁶)
365 2704 476 2749 Idyll.
502 2705 604 2739 XIII.

311 2750 337 2793 ⁷)
361 2752 391 2787 E
393 2751 488 2798 pigr.
516 2753 570 2794 70,
597 2753 651 2795 71,
677 2753 733 2793 90,
761 2753 839 2796 108,
867 2752 943 2795 119,
972 2752 1049 2795 120,
1076 2752 1246 2795 123-28,
1274 2752 1350 2788 131.

309 2798 336 2842 8)
364 2764 418 2835 cf.
442 2799 571 2835 Vitam
588 2800 743 2835 Ausonii
767 2811 853 2845 pag.
878 2801 934 2835 67.
958 2800 1167 2836 Kaufmann
1192 2801 1239 2843 (v,
1258 2800 1438 2836 Raumers
1464 2800 1551 2836 hist.
1576 2801 1745 2837 taschen-

216 2844 865 2937 buoh⁹)Il}'usd‚0}g)1?1inu{6Nolanus
890 2906 924 2930 u.
952 2893 1053 2931 scine
1077 2894 1167 2930 Zeit.
1216 2894 1287 2930 voL
1314 2894 1343 2929 I.
1373 2906 1461 2940 p.ag
1489 2895 1566 2930 114.

290 2939 332 2984 ¹⁰)
357 2941 493 2976 Auson.
519 2941 636 2986 epigr.
661 2941 689 2976 I.
738 2941 903 2984 Richter,
928 2942 963 2977 d..
988 2944 1172 2979 westrem.
1197 2941 1308 2977 reich.
1334 2953 1420 2988 pag.
1446 2942 1524 2978 517.
