1966 3192
949 105 975 149 3

202 236 375 293 eiusque
412 235 638 278 virtutibus
671 235 862 291 disputat
892 239 1020 291 atque
1037 251 1179 278 omnes
1209 233 1357 278 laudes
1391 233 1429 277 ei
1459 239 1548 277 tam
1579 233 1743 278 affatim

203 296 368 347 tribuit,
424 298 473 337 ut
504 310 601 337 vero
634 310 767 350 paene
799 296 995 337 excedere
1026 296 1233 344 videatur,
1280 295 1396 336 nullo
1445 295 1538 336 loco
1578 298 1742 348 patrem

203 355 494 397 Christianum
525 354 654 395 fuisse
686 354 820 395 docet.
883 354 1041 403 Quodsi
1067 352 1209 395 Julius
1241 353 1454 395 Ausonius
1477 353 1741 394 Christianus

203 413 366 463 fuisset,
397 412 522 462 filius,
556 413 629 466 qui
661 426 796 454 mores
828 413 916 454 eius
949 412 1237 453 acuratissime
1255 411 1469 460 describit,
1502 426 1603 452 sane
1633 411 1742 452 hanc

205 471 468 513 occasionem
513 471 647 525 patris
694 471 822 512 etiam
873 471 1101 512 maioribus
1147 470 1338 511 laudibus
1384 470 1582 511 efferendi
1633 484 1741 510 nun-

206 544 335 584 quam·
362 529 768 571 omissurum‘fuisse
799 529 1034 583 putandum
1066 533 1142 579 est,
1176 529 1425 583 praesertim
1457 529 1493 570 si
1523 529 1612 583 ipse
1644 529 1739 569 fidei

204 587 470 629 Christianae
502 588 692 629 addictus
724 588 884 629 fuisset.
946 588 1096 642 Itaque
1136 588 1219 628 iam
1259 601 1309 628 ex
1354 588 1433 629 hac
1463 588 1539 628 filii
1571 587 1742 628 silentia

206 651 369 702 patrem
386 647 600 688 ethnicum
618 646 745 688 fuisse
761 647 967 701 suspicari
983 647 1095 689 licet.
1130 646 1354 688 Praeterea
1372 648 1510 688 autem
1527 646 1741 688 sententia

205 708 351 748 nostra
382 706 511 748 etiam
543 721 592 748 eo
624 706 851 757 stabilitur,
899 706 1011 760 quod
1043 706 1222 748 Ausonii
1272 712 1393 759 pater
1438 708 1611 760 propter
1649 720 1742 746 eru-

205 765 408 806 ditionem
440 765 641 806 Graecam
672 768 716 807 et
766 765 950 805 studium
982 765 1218 806 litterarum
1243 764 1496 806 Graecarum
1527 765 1743 814 laudatur3

206 839 305 866 nam
336 838 384 866 eo
417 824 508 878 ipso
541 828 728 879 tempore
751 823 983 866 Christiani
1013 824 1090 866 has
1121 825 1298 875 litteras,
1331 824 1480 878 quibus
1512 839 1605 865 cum
1636 824 1742 865 aliae

206 882 549 937 philosophorum
582 883 750 924 scholae
797 886 886 924 tum
919 883 1146 924 Academia
1178 883 1481 924 adolescentior
1527 887 1570 923 et
1609 882 1743 924 Stoici

207 941 466 993 nitebantur,
515 944 721 996 tanquam
764 942 916 983 veteris
947 942 1165 997 religionis
1196 942 1437 983 firmissima
1468 942 1742 991 munimenta,

206 1001 303 1041 fidei
318 1001 505 1055 ipsorum
522 1001 805 1050 infestissima,
816 1001 911 1041 odio
927 1002 1286 1055 persequebantur
1307 1001 1509 1042 acerrimo
1519 999 1563 1056 ¹).
1595 1001 1744 1055 Itaque

207 1059 241 1101 si
274 1074 337 1110 ea,
355 1074 460 1114 quae
477 1059 688 1101 Ausonius
720 1060 770 1100 de
788 1060 923 1114 patris
939 1061 1122 1101 moribus
1139 1060 1255 1109 dicit,
1290 1074 1383 1101 cum
1404 1059 1484 1101 hoc
1504 1054 1742 1101 litterarum

208 1118 463 1160 Graecarum
514 1119 653 1160 studio
695 1133 996 1172 comparamus.
1046 1119 1081 1159 si
1111 1119 1289 1172 legimus
1319 1118 1478 1159 ,Iulium
1508 1119 1743 1159 Ausonium

208 1177 261 1218 ad
291 1180 426 1218 certas
472 1180 598 1231 atque
645 1177 898 1219 constitutas
944 1177 1058 1231 leges
1101 1178 1232 1219 vitam
1277 1177 1538 1228 instruxisse,
1586 1177 1741 1218 iudicio

211 1236 414 1277 bonorum
436 1236 680 1277 satisfacere
702 1236 921 1287 studuisse,
956 1237 1137 1277 virtutes
1155 1237 1208 1277 ob
1239 1251 1309 1277 eas
1326 1236 1453 1290 ipsas,
1480 1251 1565 1277 non
1584 1250 1743 1289 poenae

209 1298 324 1336 metu
372 1297 646 1345 commotum,
697 1294 887 1345 coluisse,
935 1295 1079 1349 paucis
1126 1295 1246 1337 bonis
1291 1298 1535 1337 contentum
1587 1295 1745 1337 nemini

209 1354 420 1403 invidisse,
473 1354 619 1395 litibus
666 1356 793 1408 atque
841 1354 1097 1396 factionibus
1143 1355 1410 1404 abstinuisse,
1459 1369 1623 1409 semper
1663 1354 1745 1395 sibi

210 1413 473 1454 constantem
510 1412 692 1467 fuisse²)‚
711 1416 759 1453 ut
791 1413 843 1453 ab
876 1414 1118 1467 aequalibus
1149 1427 1242 1455 cum
1273 1416 1435 1468 septem
1465 1412 1548 1454 illis
1580 1412 1745 1467 sapien-

209 1472 321 1513 tibus
367 1471 537 1513 Graecis
575 1470 889 1524 conferretur3),
931 1472 1042 1513 haud
1070 1472 1239 1513 difficile
1263 1472 1548 1526 intellegimus
1564 1471 1744 1513 Ausonii

210 1532 373 1586 patrem
413 1530 625 1572 doctrinas
666 1534 709 1571 et
750 1534 975 1585 praecepta
1015 1530 1309 1586 philosophiae
1340 1531 1523 1573 Graecae
1555 1534 1744 1572 secutum

210 1589 428 1644 religionis
475 1587 740 1631 Christianae
787 1590 1018 1631 studiosum
1041 1590 1212 1630 minime
1258 1590 1398 1631 fuisse.
1462 1589 1579 1638 Quod
1620 1590 1744 1643 plane

211 1648 391 1702 quadrat
421 1648 465 1689 in
497 1648 623 1689 verba
640 1647 832 1697 Ausonii,
866 1663 972 1702 quae
1004 1648 1053 1689 de
1084 1652 1203 1702 patre
1235 1649 1337 1690 facit
1351 1648 1398 1702 4):
1444 1647 1743 1703 (Sapientium)

386 1706 596 1755 «Quorum
627 1707 863 1748 doctrinam
893 1707 1079 1748 moribus
1110 1707 1318 1748 excoluit:

383 1765 557 1807 Viveret
587 1768 636 1807 ut
668 1766 809 1820 potius
841 1780 967 1820 quam
998 1766 1156 1808 diceret
1186 1769 1276 1807 arte
1307 1766 1552 1821 sophorum,

386 1824 646 1878 Quamquam
678 1828 720 1865 et
755 1824 935 1867 facundo
966 1840 1051 1866 nou
1082 1825 1197 1866 rudis
1228 1826 1442 1879 ingenio.»

327 1883 518 1938 Denique
550 1883 661 1938 quod
692 1886 838 1938 postea
853 1883 991 1926 Julius
1009 1884 1219 1925 Ausonius
1251 1883 1593 1925 aValentiniano
1610 1884 1744 1938 primo

211 1943 256 1983 in
287 1942 491 1996 palatium
509 1943 667 1983 accitus
700 1945 776 1992 est,
810 1943 1044 1984 sententiae
1060 1946 1230 1984 nostrae
1262 1958 1347 1984 non
1364 1945 1586 1996 repugnat.
1634 1942 1745 1983 Nam

211 2001 394 2055 primum
424 2001 536 2042 hunc
566 2001 875 2055 imperatorem,
908 2002 1096 2056 quamvis
1127 2001 1216 2056 ipse
1249 2002 1447 2056 religioni
1478 2000 1744 2042 Christianae

211 2059 463 2113 indulgeret,
498 2062 640 2101 tamen
673 2060 924 2113 aequissimo
958 2063 1001 2101 et
1033 2060 1343 2114 patientissimo
1376 2060 1516 2100 animo
1547 2059 1745 2100 adversus

212 2131 354 2160 omnes
372 2118 523 2160 veteris
541 2118 759 2172 religionis
782 2118 992 2160 studiosos
1013 2118 1141 2160 fuisse
1157 2118 1405 2172 litterasque
1422 2117 1746 2172 diligentissime

212 2176 388 2219 coluisse
450 2179 617 2219 constat
634 2175 679 2230 ⁵);
733 2177 881 2218 deinde
912 2177 1271 2227 Valentinianum,
1320 2192 1402 2231 qua
1433 2176 1657 2231 prudentia
1703 2180 1746 2218 et

211 2236 376 2278 ratione
407 2250 505 2277 usus
537 2239 613 2287 est,
647 2239 759 2277 certo
793 2236 1000 2278 confidere
1042 2251 1262 2291 possumus
1294 2251 1388 2278 eum
1428 2236 1507 2277 sibi
1539 2236 1745 2277 medicum

212 2295 439 2337 electurum
485 2295 625 2345 fuisse,
674 2295 757 2349 qui,
805 2295 913 2336 sicut
944 2295 1122 2336 Ausonii
1167 2299 1301 2349 pater,
1349 2299 1392 2336 et
1432 2297 1522 2336 arte
1554 2295 1746 2336 medendi

214 2354 433 2396 excelleret
478 2356 521 2395 et
567 2354 679 2394 fama
725 2354 905 2394 maxime
952 2354 1245 2404 celebraretur,
1294 2368 1427 2407 neque
1460 2354 1746 2407 quaesiturum

256 2532 258 2536 .
310 2504 335 2546 ¹)
362 2503 415 2539 Cf.
455 2502 617 2543 Richter,
656 2504 721 2539 das
762 2506 947 2540 westrem.
984 2503 1086 2538 reich
1123 2506 1192 2539 etc.
1242 2515 1277 2548 p.
1312 2504 1376 2537 147
1415 2505 1453 2538 et
1480 2504 1557 2538 155.
1620 2504 1748 2546 Hasse,

212 2549 582 2596 kirchengeschichte
607 2550 663 2585 ed.
690 2551 830 2586 Kohler
853 2551 925 2587 vol.
952 2550 979 2585 Ι.
1005 2562 1040 2595 p.
1066 2551 1120 2587 39.
1169 2550 1325 2595 Leipzig
1353 2550 1453 2585 1864.

308 2598 486 2634 Paulinus
510 2596 689 2639 Nolanus,
716 2598 781 2642 qui
807 2610 889 2633 cum
906 2597 1052 2634 Christo
1062 2598 1172 2643 plane
1199 2609 1236 2633 se
1264 2597 1438 2639 dedisset,
1471 2597 1664 2633 confestim
1690 2598 1747 2632 his

213 2645 346 2681 studiis
372 2644 607 2681 abalienatus
633 2647 688 2680 est
705 2645 771 2686 -(cf.
797 2644 932 2690 Mignii
957 2645 1192 2691 Patrologiae
1219 2645 1291 2680 vol.
1316 2644 1409 2679 LXI.
1435 2656 1471 2689 p,
1501 2646 1596 2688 453.)

309 2691 335 2736 ²)
360 2691 470 2736 Idyll.
497 2691 545 2733 II,
572 2692 604 2725 8.
632 2692 685 2727 13.
714 2693 768 2726 17.
795 2693 850 2727 19.
875 2692 931 2729 21.
958 2692 1003 2727 33
1029 2694 1098 2727 etc.

307 2738 333 2828 23
360 2740 510 2821 {3232
534 2738 564 2827 {z
589 2739 740 2821 ‘ffb-12.

213 2831 340 2916 Auso}
360 2832 526 2926 Βέοἱέξθτ,
552 2831 617 2868 das
643 2835 828 2869 westrem.
865 2832 966 2868 reich
991 2833 1060 2868 etc.
1090 2844 1134 2878 p.
1160 2832 1227 2868 252
1254 2834 1292 2869 et
1317 2832 1396 2867 254.
1459 2831 1637 2877 Bocking‚
1671 2832 1750 2867 vita

1500 2938 1540 2973 1*
