1966 3192
975 93 1030 136 12

349 220 460 263 Nam
501 223 584 265 nisi
623 222 842 278 religionis
885 222 1066 265 Ausonii
1109 223 1333 265 Paulinum
1379 223 1577 278 puduisse
1617 223 1769 278 fingas,

231 279 301 321 vix
332 280 459 322 ullam
490 295 658 323 causam
678 281 880 332 invenias,
913 281 1115 336 quoniam
1147 285 1275 336 poeta
1306 285 1451 324 noster
1480 281 1545 323 vir
1574 281 1771 324 eruditis-

232 338 363 380 simus
384 342 514 393 atque
540 339 864 382 honestissimus
886 340 1142 394 summisque
1175 340 1454 395 dignitatibus
1476 339 1770 385 ornatissimus

232 399 337 447 erat,
370 398 487 439 cuius
516 398 772 441 consuetudo
803 401 972 441 tantum
996 398 1154 450 aberat,
1188 402 1237 440 ut
1268 399 1460 454 cuiquam
1492 399 1769 454 ignominiam

232 456 416 506 afferret,
437 459 487 498 ut
507 471 692 499 summae
713 457 829 499 laudi
850 472 940 499 esse
962 458 1144 502 deberet.
1193 457 1355 499 Deinde
1376 458 1505 499 verba
1524 457 1768 511 Ausonii¹):

352 514 467 556 «Nos
497 515 649 558 studiis
679 516 915 571 animisque
947 516 1117 569 iisdem,
1157 516 1361 558 miracula
1404 516 1591 559 cunctis»
1645 516 1769 559 aliter

231 573 422 628 suppleri
473 578 711 630 nequeunt,
758 575 863 617 nisi:
920 576 1105 617 «scilicet
1150 589 1243 617 cum
1283 575 1470 617 nondum
1511 576 1564 617 ad
1606 577 1769 618 severas

231 631 391 674 Christi
435 633 549 688 leges
601 633 863 689 confugisses
914 636 957 676 et
1001 648 1161 675 mecum
1211 634 1256 674 in
1305 636 1444 675 vetere
1475 633 1680 689 religione
1726 640 1770 676 et

228 705 441 731 musarum
473 691 589 733 cultu
620 707 949 747 perseverares.»
1013 692 1165 736 Nonne
1196 692 1239 733 id
1259 691 1398 746 ipsum
1428 691 1770 748 manifestissime

228 748 408 791 Ausonii
431 750 617 791 animum
650 766 674 791 a
704 751 910 804 religione
932 750 1174 792 Christiana
1204 750 1387 791 alienum
1408 750 1633 805 siguificat,
1656 751 1767 805 quod

229 806 350 847 deum
382 807 534 862 deique
564 807 739 864 filium2)
771 809 964 863 precibus
995 808 1108 850 flecti
1140 822 1262 863 posse
1284 811 1440 863 sperat,
1473 811 1521 849 ut
1544 808 1767 850 Paulinum

228 865 280 906 ad
312 865 494 919 priorem
526 866 656 909 vitam
688 867 904 918 reducant,
938 867 1050 922 quod
1081 881 1152 909 eos
1183 867 1311 922 ipsos,
1344 881 1520 922 quorum
1551 867 1665 923 leges
1695 867 1766 910 ille

228 928 529 967 consecuturus
571 926 666 975 fuit,
719 924 942 967 Paulinum
987 926 1107 980 quasi
1147 941 1171 967 a
1212 941 1255 967 se
1295 926 1397 980 ipsis
1429 940 1648 967 aversuros
1679 941 1767 968 esse

227 985 382 1037 putat?
413 983 503 1033 Qua
525 999 569 1027 re
591 999 692 1026 sane
702 983 913 1027 Ausonius
930 984 1053 1027 docet
1069 999 1112 1026 se
1128 984 1180 1026 ad
1202 984 1531 1039 recuperandum
1542 984 1766 1026 Paulinum

227 1042 367 1082 omnia
411 1043 544 1089 maria
584 1058 813 1097 omnesque
851 1048 985 1084 terras
1029 1057 1193 1084 movere
1236 1046 1429 1096 paratum
1469 1057 1557 1084 esse
1587 1054 1704 1095 nec,·
1730 1043 1765 1084 si

227 1100 317 1141 voti
348 1103 584 1155 compotem
616 1116 660 1143 se
691 1101 781 1143 fore
812 1116 982 1156 sperare
1012 1101 1161 1156 possit,
1193 1101 1518 1156 suaquidquam
1547 1101 1764 1152 interesse,

227 1161 368 1199 utrum
400 1158 630 1201 Camoenas
661 1160 884 1215 Musasque
932 1175 987 1201 an
1018 1160 1152 1201 Deum
1192 1159 1354 1214 Deique
1400 1160 1532 1201 filium
1574 1160 1766 1214 precibus

228 1220 512 1259 commoturus
543 1219 628 1260 sit?
659 1218 847 1260 Eandem
881 1232 1047 1272 quoque
1087 1218 1339 1259 sententiam
1373 1217 1568 1260 habuisse
1601 1218 1765 1260 videtur

226 1274 469 1332 Mignius³)‚
518 1277 589 1332 qui
633 1277 763 1319 dicit:
820 1277 1087 1332 «ignoramus
1139 1291 1192 1318 an
1232 1276 1336 1319 alias
1375 1277 1426 1318 ad
1467 1275 1507 1319 S.
1541 1277 1764 1319 Paulinum

227 1334 431 1389 epistulas
472 1336 688 1390 scripserit
730 1336 966 1385 Ausonius,
1008 1338 1056 1376 ut
1087 1350 1111 1376 a
1142 1335 1368 1377 strictioris
1413 1336 1522 1376 vitae
1562 1336 1763 1378 instituto

224 1407 320 1434 eum
365 1398 602 1436 revocaret:
652 1397 696 1436 at
747 1409 855 1449 quae
902 1394 1077 1436 diversis
1129 1394 1250 1435 annis
1297 1394 1482 1436 carmina
1523 1409 1594 1436 seu
1624 1395 1764 1450 potius

226 1452 547 1495 incantamenta
593 1453 765 1494 fuerunt
804 1453 945 1503 missa,
992 1452 1094 1495 fecit
1126 1452 1251 1503 Deus,
1303 1457 1351 1494 ut
1402 1467 1494 1494 sero
1541 1453 1764 1495 admodum

223 1510 511 1563 redderentur,
534 1514 687 1567 quarto
710 1512 872 1554 scilicet
894 1526 1017 1562 anno,
1050 1526 1101 1553 ex
1132 1526 1214 1566 quo
1238 1511 1343 1553 nihil
1377 1512 1429 1553 ab
1451 1526 1499 1553 eo
1525 1512 1764 1554 litterarum

225 1573 445 1624 acceperat
476 1570 690 1621 Paulinus,
739 1574 788 1612 ut
823 1586 924 1613 sane
970 1570 1147 1612 validior
1197 1571 1333 1613 factus
1363 1571 1575 1612 latitantis
1607 1571 1764 1613 diaboli

223 1628 390 1671 insidiis
421 1632 464 1671 et
485 1630 795 1672 tentationibus
817 1630 1082 1672 obsisteret.»
1146 1629 1305 1678 Quibus
1337 1629 1471 1685 verbis
1492 1630 1597 1672 satis
1619 1633 1764 1685 aperte

223 1687 413 1742 Mignius
445 1690 682 1740 confitetur,
730 1690 764 1730 si
797 1689 998 1730 Paulinus
1029 1688 1146 1743 prius
1178 1688 1253 1729 has
1284 1689 1487 1743 epistulas
1519 1690 1762 1744 accepisset,

223 1746 457 1789 timendum
509 1748 649 1798 fuisse,
702 1752 749 1789 ut
796 1747 1166 1789 adhortationibus
1214 1747 1297 1789 illis
1343 1748 1577 1795 resisterem
1630 1763 1764 1802 neque

223 1805 491 1855 hariolemur,
534 1807 568 1847 si
600 1806 905 1848 contendamus
939 1805 1185 1855 Paulinum,
1228 1805 1327 1859 quia
1358 1806 1489 1847 totius
1521 1806 1632 1846 vitae
1664 1821 1763 1848 con-

223 1863 432 1906 dicionem
462 1868 701 1906 mutaturus
742 1868 854 1915 erat,
898 1879 989 1906 cum
1034 1863 1261 1907 amicorum
1306 1870 1394 1906 tum
1440 1864 1619 1906 Ausonii
1651 1865 1763 1907 vitu-

222 1923 464 1976 perationes
496 1926 540 1965 et
570 1924 866 1965 auctoritatem
893 1923 1071 1964 veritum
1104 1938 1192 1964 esse
1224 1928 1266 1964 et
1299 1924 1352 1964 ob
1385 1938 1475 1964 eam
1508 1924 1642 1978 ipsam
1675 1939 1761 1965 rem

223 1996 272 2022 ex
291 1981 525 2035 Aquitania
555 1982 600 2023 in
622 1982 874 2037 Hispaniam
898 1982 1113 2035 migrasse,
1146 1984 1195 2022 ut
1225 1982 1307 2022 iam
1331 1982 1471 2022 animo
1489 1982 1763 2023 corroborato

221 2040 385 2081 enixius
433 2056 480 2083 ac
519 2041 655 2097 magis
693 2043 862 2082 strenue
905 2040 988 2082 illis
1029 2040 1222 2082 resistere
1264 2039 1462 2096 posset4).
1526 2041 1585 2083 At
1625 2041 1762 2097 magis

222 2099 349 2141 etiam
382 2101 596 2143 sententia
628 2104 776 2142 nostra
808 2101 857 2141 de
890 2100 1069 2141 Ausonii
1100 2100 1304 2154 religione
1336 2102 1538 2154 probatur
1572 2101 1762 2155 epistulis

221 2157 445 2211 Paulini-⁵³).
519 2159 615 2214 Ipse
667 2160 893 2201 confitetur
939 2173 983 2199 se
1030 2158 1169 2213 priore
1209 2162 1397 2214 tempore
1438 2173 1531 2201 cum
1573 2159 1764 2202 Ausonio

221 2216 451 2271 Phoebum,
474 2218 630 2272 Musas,
663 2219 746 2260 alia
777 2218 951 2260 numina
975 2232 1155 2267 vocasse,
1190 2232 1298 2272 quae
1328 2218 1453 2260 surda
1486 2221 1612 2273 atque
1643 2219 1763 2260 inva-

315 2395 343 2485 23
366 2396 487 2487 ἓξέἓῖῑ
513 2394 674 2481 222’14122

316 2488 342 2531 ⁸)
370 2487 605 2533 patrologiae
630 2490 708 2523 tom
733 2487 827 2527 LXI,
864 2499 898 2532 p.
926 2487 971 2521 42
996 2488 1035 2522 et
1059 2487 1115 2521 43.
1174 2486 1252 2522 Hoc
1285 2486 1366 2521 loco
1399 2498 1559 2522 errorem
1593 2485 1761 2522 Teuffelii

221 2536 495 2571 emendandum
537 2545 616 2569 esse
659 2546 808 2573 censeo,
857 2533 921 2578 qui
970 2533 1009 2567 in
1060 2533 1217 2568 historia
1257 2533 1469 2569 litterarum
1512 2533 1761 2568 Romanarum

213 2580 283 2626 (11.
308 2583 328 2626 ἓ
352 2584 433 2623 431,
462 2582 506 2624 1.)
533 2581 628 2616 hanc
652 2581 768 2616 vitam
796 2579 944 2615 Paulini
969 2579 1171 2614 Muratorio
1197 2578 1342 2615 tribuit.
1393 2580 1465 2614 Sed
1490 2592 1572 2615 cum
1599 2579 1762 2624 Mignius

220 2629 385 2666 omnium
422 2627 717 2670 annotationum,
743 2639 834 2672 quas
848 2626 1000 2662 aliunde
1014 2625 1185 2671 sumpsit,
1201 2637 1348 2671 semper
1360 2629 1529 2662 auctores
1561 2625 1761 2668 adscribat,

221 2677 317 2712 hanc
342 2678 468 2712 autem
494 2675 611 2710 vitam
638 2685 706 2709 «ex
730 2673 848 2720 ipsius
875 2673 1026 2709 Paulini
1053 2672 1202 2718 scriptis
1239 2685 1282 2709 ac
1307 2676 1474 2709 veterum
1512 2673 1761 2709 monumentis

221 2723 502 2760 concinnatam»
528 2721 695 2757 nominet
719 2724 981 2765 auctoremque
1007 2732 1080 2755 non
1115 2719 1372 2768 adscripserit,
1405 2732 1469 2756 cur
1501 2719 1642 2766 Mignio
1667 2720 1762 2756 hanc

222 2771 341 2806 vitam
366 2782 440 2806 non
464 2769 627 2805 tribuam
653 2768 794 2804 nescire
820 2779 879 2803 me
905 2768 1090 2803 confiteor.

316 2816 344 2857 ⁴)
369 2816 518 2853 Paulini
543 2828 653 2852 carm.
679 2815 723 2851 X.
753 2816 817 2851 109
843 2827 896 2860 sq.

317 2864 344 2908 ⁵)
369 2864 491 2901 Carm.
519 2864 561 2899 X.
588 2865 627 2899 et
653 2862 719 2898 XI.
747 2862 887 2908 (Migne
913 2861 1132 2908 Patrologia
1155 2861 1269 2905 LXI.)
