1966 3192
964 129 1019 173 13

223 259 312 302 lida
340 274 454 302 nunc
484 259 718 314 despiceret
727 259 783 313 ¹);
831 274 874 302 se
905 274 1146 315 perversum
1176 258 1306 301 fuisse
1348 261 1391 300 et
1422 258 1542 313 quasi
1585 257 1757 300 «mortis

223 317 494 374 pabulum»²)
548 318 712 369 vixisse,
761 332 1015 374 quamquam
1054 332 1271 373 perversus
1311 316 1482 359 habitus
1514 332 1598 359 non
1633 320 1756 367 esset,

224 391 337 419 nunc
367 391 465 418 vero
497 391 541 418 se
573 376 731 419 Christi
763 392 841 432 ope
873 377 925 419 ad
945 380 1154 419 recentem
1188 375 1427 432 pervenisse
1460 375 1591 418 vitam
1622 390 1757 431 neque

224 437 268 477 in
301 436 384 478 alio
417 435 499 476 nisi
529 436 572 477 in
590 435 757 478 Christo
787 436 876 478 solo
907 435 1085 477 salutem
1116 450 1159 476 se
1190 435 1378 477 invenire
1408 449 1543 489 posse.
1604 433 1758 476 Nonne

223 490 566 536 manifestissime
613 499 792 550 apparet
837 494 1061 536 Paulinum
1107 494 1174 535 his
1220 494 1359 535 verbis
1400 494 1534 535 dicere
1566 494 1672 535 velle
1713 508 1756 535 se

218 553 405 609 'caligine
437 553 591 595 veteris
620 554 840 609 religionis
872 554 1068 596 obrutum
1101 568 1193 595 cum
1217 552 1406 594 Ausonio
1438 552 1583 594 eodem
1615 553 1755 594 animo

224 612 367 662 fuisse,
401 612 472 654 sed
503 627 616 654 nunc
646 627 689 654 se
720 613 847 668 longe
879 612 1003 654 aliter
1035 613 1204 662 sentire,
1238 626 1329 653 cum
1362 612 1415 653 ad
1446 611 1605 654 Christi
1636 626 1756 653 sacra

223 673 316 713 toto
358 670 618 726 confugisset
664 671 835 712 auimo?
885 670 1081 712 Pluribus
1127 670 1294 726 quidem
1339 670 1442 712 locis
1489 669 1754 737 confitetur³)

224 743 268 770 se
288 729 555 784 dignitatem,
577 730 756 779 li,tteras
779 729 1075 783 eloquentiam,
1109 729 1192 770 alia
1211 729 1359 779 multa,
1392 743 1462 769 eas
1489 729 1573 783 ipsi
1594 729 1756 783 ingenii

223 787 459 838 facultates,
491 790 663 842 propter
694 802 798 842 quas
830 801 854 828 a
885 787 1049 829 Christo
1081 787 1262 828 libenter
1301 789 1494 841 receptus
1515 785 1626 843 sit4),
1668 787 1756 828 Au-

224 846 344 887 sonio
376 845 523 887 debere
555 850 598 888 et
631 861 673 888 se
704 846 923 901 religionis
954 845 1216 888 Christianae
1248 848 1474 901 praecepta
1512 848 1757 901 sequentem

223 904 341 947 illum
372 907 419 946 ut
449 908 767 960 praeceptorem
797 919 960 959 semper
991 907 1287 947 veneraturum
1320 907 1362 946 et
1382 905 1527 959 magni
1559 905 1756 947 aestima-

224 965 365 1004 turum
396 977 483 1005 esse
514 962 793 1019 promittit⁵);
835 963 940 1005 dicit
970 963 1097 1005 etiam
1128 963 1357 1019 aegerrime
1388 977 1431 1004 se
1470 963 1600 1013 ferre,
1642 963 1754 1018 quod

225 1037 249 1063 a
280 1026 565 1076 praeceptore,
598 1037 721 1077 quem
753 1037 968 1076 nunquam
999 1022 1234 1071 offenderit,
1266 1025 1496 1075 separetur,
1529 1022 1601 1077 sed
1632 1022 1755 1063 facile

198 1079 498 1135 intellegitur,
530 1095 601 1122 cur
631 1081 734 1121 haec
765 1080 930 1121 dixerit.
992 1079 1104 1121 Nam
1136 1080 1172 1121 si
1201 1080 1380 1135 legimus
1406 1079 1630 1121 Paulinum
1661 1080 1755 1121 aliis

223 1139 325 1180 locis
365 1139 468 1180 satis
507 1153 652 1193 aspere
691 1138 872 1180 Ausonii
909 1138 1084 1180 crimina
1121 1138 1276 1180 reicere
1317 1142 1359 1180 et
1402 1138 1534 1180 libere
1565 1139 1756 1180 confiteri

223 1197 305 1238 sibi
335 1211 447 1239 nunc
478 1211 577 1251 prae
609 1197 778 1239 Christo
810 1197 964 1238 amicos
1002 1200 1044 1238 et
1084 1197 1166 1238 alia
1206 1196 1348 1238 omnia
1388 1211 1476 1238 esse
1507 1196 1755 1253 neglendass)

223 1270 358 1310 neque
381 1256 609 1310 quidquam
627 1271 701 1297 sua
721 1256 934 1306 interesse,
966 1258 1106 1297 utrum
1138 1255 1203 1306 iis,
1236 1255 1308 1310 qui
1326 1255 1489 1297 diversa
1510 1259 1755 1311 sequantur,

223 1314 388 1369 placeat
419 1330 472 1356 an
506 1315 745 1370 displiceat,
787 1314 1011 1356 dummodo
1043 1314 1210 1356 Christo
1241 1317 1389 1369 gratus
1420 1314 1531 1369 sit7),
1569 1315 1755 1357 videmus

223 1373 444 1414 Paulinum
476 1388 536 1424 ea,
577 1388 696 1428 quae,
738 1377 786 1414 ut
817 1373 1004 1415 Ausonio
1043 1373 1318 1424 blandiretur,
1360 1373 1592 1427 addiderat,
1631 1375 1756 1416 modo

221 1432 377 1473 idcirco
409 1433 636 1486 scripsisse,
670 1433 769 1486 quia
790 1447 881 1473 eum
904 1433 1190 1487 praeceptoris
1216 1433 1334 1474 senio
1357 1432 1498 1487 gravis
1530 1405 1756 1474 mi'serebat

223 1493 266 1532 et
297 1491 393 1545 quia
435 1491 581 1541 (1010ιί,
635 1505 717 1545 quo
763 1505 806 1531 se
850 1505 942 1532 eum
982 1491 1168 1532 affecisse
1218 1505 1303 1532 non
1349 1491 1589 1546 ignorabat,
1635 1491 1754 1547 quasi

222 1550 470 1591 medicinam
503 1550 629 1591 affere
660 1550 839 1591 volebat.
901 1549 1165 1604 Quamquam
1196 1550 1340 1591 eadem
1372 1550 1553 1605 epistula
1585 1564 1755 1606 gravem

221 1608 418 1650 iniuriam
448 1609 639 1650 Ausonio
678 1608 808 1650 infert
846 1608 988 1650 dicens
1017 1608 1153 1651 lucem
1184 1608 1341 1651 Christi
1373 1609 1588 1651 obscurari
1620 1609 1755 1665 potis-

222 1667 373 1709 simum
405 1671 496 1709 arte
527 1667 756 1718 rhetorum,

398 1727 470 1782 qui
501 1727 626 1768 corda
656 1726 774 1767 falsis
806 1729 933 1780 atque
965 1726 1084 1767 vanis
1115 1726 1312 1768 imbuunt

395 1788 645 1839 tantumque
676 1785 843 1839 linguas
875 1784 1132 1838 instruuntss)
1171 1783 1173 1785 ’

222 1846 265 1885 et
295 1843 337 1884 in
371 1844 454 1884 fine
486 1844 669 1885 eiusdem
702 1843 920 1898 epistulae,
953 1843 1026 1884 ubi
1058 1842 1306 1899 simpliciter
1337 1843 1462 1885 dicit:

338 1902 394 1945 Si·
413 1902 560 1957 placet
585 1902 676 1952 hoc,
709 1906 879 1957 gratare
910 1903 975 1943 tui
1005 1917 1079 1957 spe
1110 1903 1239 1944 divite
1270 1903 1413 1944 amici:

339 1960 383 2003 Si
409 1964 556 2002 contra
579 1966 654 2009 est,
679 1960 848 2002 Christo
870 1964 1039 2002 tantum
1059 1976 1125 2002 me
1146 1961 1289 2015 linque
1312 1960 1535 2015 probari9).

311 2019 470 2069 Quibus
490 2034 539 2061 ex
550 2020 674 2061 rebus
684 2018 739 2076 1⁰)
752 2019 882 2061 facile
894 2019 1180 2074 intellegimus
1187 2019 1410 2061 Paulinum
1422 2019 1610 2061 Ausonio
1619 2020 1752 2062 amico

222 2079 437 2122 carissimo
451 2079 533 2120 iam
553 2079 732 2134 amplius
753 2078 817 2121 uti
830 2079 1013 2121 noluisse
1022 2082 1065 2121 et
1076 2079 1199 2121 modo
1222 2079 1448 2121 senectutis
1460 2079 1547 2120 eius
1558 2078 1752 2121 habuisse

221 2139 443 2189 rationem,
475 2139 585 2192 quod
617 2153 700 2179 uon
735 2144 878 2192 aperte
910 2139 1140 2179 amicitiam
1172 2138 1259 2179 eius
1289 2143 1529 2179 recusasset.
1592 2138 1753 2180 Deinde

222 2197 347 2239 etiam
379 2211 429 2238 ex
461 2211 522 2247 eo,
555 2197 667 2252 quod
697 2196 899 2239 Paulinus
930 2200 1018 2239 tam
1043 2197 1183 2239 multis
1214 2197 1350 2238 verbis
1366 2197 1464 2238 fidei
1485 2196 1753 2240 Christianae

220 2256 334 2312 leges
356 2256 542 2310 exponit,
574 2271 675 2298 sane
697 2256 841 2311 colligi
861 2258 1004 2310 potest
1019 2256 1254 2297 Ausonium
1275 2255 1397 2296 huius
1418 2255 1516 2297 fidei
1537 2260 1752 2310 expertem

318 2430 342 2472 ¹)
368 2430 487 2466 Carm.
514 2431 558 2472 X,
583 2431 734 2466 20—30.

316 2476 343 2520 ²)
368 2477 487 2514 Carm.
513 2477 559 2519 X,
585 2478 756 2514 130—35.

314 2525 342 2569 ³)
366 2525 485 2561 Carm.
509 2524 573 2565 XI,
599 2526 748 2560 50—65.
810 2525 855 2567 X,
880 2526 1028 2561 90-95,

314 2572 341 2638 ἒ)
369 2571 488 2607 Carm.
514 2571 558 2613 X,
586 2571 653 2606 143
681 2583 734 2616 sq.

314 2619 341 2707 ⁶3
365 2618 872 2711 {gisetmxll’fhgi—(li'dcigne).
921 2666 1027 2707 Buse,
1053 2665 1081 2700 Ι.
1106 2677 1142 2711 p.
1169 2666 1245 2701 168.

315 2711 340 2754 ⁷)
367 2713 487 2749 Carm.
512 2713 555 2748 X.
581 2712 648 2747 286
675 2724 727 2757 sq.

314 2757 341 2801 ⁸)
367 2759 486 2797 Carm.
512 2759 556 2794 X.
582 2760 730 2794 36—40.

314 2805 341 2850 ⁹)
366 2806 486 2843 Carm.
511 2806 556 2841 X.
581 2806 754 2841 330-31.

298 2852 339 2892 ¹⁰)
366 2853 419 2889 Cf.
446 2854 552 2889 Buse.
578 2853 607 2888 Ι.
632 2865 718 2899 pag.
746 2854 813 2888 174
837 2865 891 2898 sq.

297 2899 339 2945 ¹¹)
364 2900 486 2936 Carm.
510 2900 554 2935 X.
582 2901 756 2943 120—30;
783 2901 850 2935 160
882 2912 936 2946 sq.
