1966 3192
912 146 964 206 1'7
1019 204 1049 205 ff

167 277 320 334 omnia
343 289 524 333 Ausonii
556 305 695 346 opera,
728 290 970 348 saepissime
1001 292 1140 335 aliena
1169 292 1306 334 multa
1343 281 1538 335 exhibere
1580 294 1623 333 et
1654 288 1703 332 de

175 350 458 404 compluribus
478 349 658 391 Ausonii
689 350 942 391 carminibus
963 350 1098 401 adhuc
1119 339 1315 400 dubitari,
1347 352 1487 391 utrum
1518 348 1702 404 genuina

174 408 261 451 sint
287 419 440 459 1100110,
452 413 555 449 sane
585 407 665 449 tibi
696 409 964 464 persuadebis
995 409 1117 451 facile
1148 409 1274 451 etiam
1304 406 1413 451 fieri
1424 409 1622 464 potuisse,
1654 412 1703 449 ut

175 467 276 509 haec
312 466 609 521 Epheme'ridis
649 468 837 521 precatio
878 467 1044 509 aliunde
1083 469 1128 509 in
1169 467 1346 509 Ausonii
1385 481 1525 521 opera,
1558 465 1699 521 aliquo

173 525 295 568 modo
325 525 595 580 reciperetur.

244 600 251 606 ·
291 584 425 633 Quam
452 587 644 626 ‘nostram
675 584 928 625 sententiam
959 598 1043 625 non
1074 583 1238 625 futilem
1280 582 1702 643 commenticiamque'

173 646 265 685 esse
291 642 422 684 firmis
454 642 710 699 argumentis
741 642 888 685 docere
913 655 1131 697 possumus
1141 643 1393 697 probantes
1411 641 1700 707 precationem

168 702 292 744 hanc
336 701 626 756 Ephemeridis
681 700 788 743 falso
849 702 1036 743 Ausonio
1094 701 1299 742 tributam
1368 701 1558 748 Paulini'
1596 715 1698 742 esse.

173 759 415 814 Rosveydus
461 760 512 801 ad
550 759 659 801 hanc
689 760 984 814 precationem
1003 758 1105 801 haec
1144 755 1365 802 adnotavit
1385 757 1431 815 ¹):
1478 755 1699 801 «Precatio

172 818 275 861 haec
316 818 528 860 matutina
577 818 689 859 edita
739 822 800 859 est
846 818 1023 859 Ausonii
1072 819 1242 859 nomine
1284 818 1334 858 in
1382 818 1580 873 principe
1612 817 1699 858 eius

172 877 355 918 editione
384 875 688 918 Mediolanensi
722 876 854 930 1490,
879 875 950 917 ubi
982 890 1123 918 versus
1156 890 1307 918 novem
1339 879 1562 931 sequentes
1602 878 1699 931 post
1764 905 1779 912 „

170 938 333 991 'septem
383 935 541 990 primos
591 935 784 976 videlicet
835 935 886 976 ab
940 934 1062 990 «Ipse
1113 935 1295 989 opifex»'
1335 935 1529 976 deerant:
1593 949 1698 988 quos

170 993 456 1047 Mariangelus
487 993 709 1035 AcCursius
740 993 783 1033 in
816 993 1007 1034 diatribis
1038 993 1123 1035 suis
1158 994 1202 1034 in
1229 993 1474 1042 Ausonium,
1509 991 1698 1035 Solinum

170 1055 214 1094 et
244 1051 384 1095 Ovidii
414 1050 785 1107 Metamorphosim
815 1052 979 1094 monuit
1008 1049 1248 1093 inserendos
1281 1067 1330 1094 ex
1350 1051 1525 1094 vetustis
1548 1051 1698 1103 Hiero-

171 1110 289 1165 nymi
312 1110 526 1162 'Alcandri
549 1110 813 1160 membranis,
845 1110 889 1150 in
922 1110 1071 1164 quibus
1093 1114 1136 1151 et
1166 1110 1342 1152 Paulino
1372 1110 1474 1151 haec
1504 1110 1697 1163 ,precatio

172 1168 431 1218 inscribitur,
463 1172 506 1210 et
538 1168 695 1223 primus
728 1182 866 1211 versus
897 1168 959 1210 ita
989 1168 1248 1224 concipitur:

290 1226 592 1281 «Omnipotens
644 1227 733 1268 solo
783 1227 936 1268 mentis
986 1227 1088 1267 mihi
1144 1226 1312 1282 cognite
1363 1226 1517 1282 cultu.»
1581 1226 1696 1268 Ouae

173 1286 360 1340 precatio
381 1287 476 1340 post
498 1288 539 1327 et
551 1285 725 1326 Ausonii
748 1288 791 1327 et
802 1284 970 1327 Paulini
992 1285 1195 1327 editiones
1213 1286 1372 1341 pariter
1391 1284 1636 1339 occupavit»
1648 1284 1694 1338 ²).

174 1344 287 1386 Elias
332 1344 512 1385 Vinetus
551 1344 751 1384 adhanc
791 1344 1076 1397 precationem
1113 1344 1338 1398 adscripsit
1381 1358 1423 1384 se
1466 1344 1509 1383 in
1556 1343 1695 1385 codice

173 1403 352 1457 quodam
369 1416 460 1444 eam
474 1402 619 1455 solam,
641 1416 690 1442 ex
711 1402 847 1443 media
857 1401 1134 1458 Ephemeride
1155 1402 1374 1453 sublatam,
1389 1402 1598 1443 invenisse
1616 1402 1697 1443 1100

171 1461 389 1503 lemmate:
411 1461 672 1503 Precatio
693 1461 961 1502 matutina
983 1461 1044 1502 ad
1075 1462 1506 1515 omnipotentem
1524 1459 1695 1502 Deum.

287 1519 354 1559 Ad
375 1523 484 1573 quae
504 1518 690 1560 codicum
712 1518 953 1560 testimonia
972 1519 1017 1559 id
1038 1519 1210 1569 accedit,
1243 1518 1353 1573 quod
1384 1518 1487 1559 haec
1510 1516 1696 1573 precatio

173 1577 224 1618 ad
246 1577 418 1622 alteram
449 1575 659 1630 Panlini3)
692 1580 733 1618 et
785 1577 922 1618 verbis
963 1581 1005 1618 et
1035 1577 1256 1618 sententiis
1299 1576 1425 1631 plane
1455 1577 1694 1634 respondet,

171 1639 218 1676 ut
248 1635 371 1676 facile
401 1638 623 1688 utrumque
665 1648 830 1675 carmen
876 1635 1059 1676 eiusdem
1089 1635 1271 1676 auctoris
1304 1648 1392 1675 esse
1424 1635 1599 1691 quisque
1629 1635 1695 1674 in-

171 1692 358 1748 tellegat.
419 1692 580 1734 Deinde
612 1692 739 1740 etiam
779 1693 875 1734 finis
913 1692 1035 1734 huius
1058 1692 1331 1748 precationis
1376 1693 1480 1734 bene
1516 1686 1697 1735 conferri

171 1752 312 1807 potest
375 1766 467 1793 cum
518 1751 685 1798 Paulini
727 1752 921 1794 carminis
970 1742 1106 1795 XVH.
1158 1752 1344 1816 versibus
1410 1745 1694 1805 113-1184).

170 1810 465 1864 Boeckingius,
519 1810 591 1863 qui
640 1810 719 1850 hoc
750 1810 1041 1865 Ephemeridis
1093 1824 1241 1865 poema
1290 1810 1478 1851 Ausonio
1511 1810 1689 1859 tribuit,

170 1868 389 1923 pulchram
418 1868 527 1910 hanc
558 1868 842 1923 precationem
874 1882 961 1909 esse
993 1866 1229 1920 affirmat5),
1273 1883 1396 1924 quam
1439 1869 1694 1915 sententiam

170 1926 506 1979 Kanfmannusfl)
536 1926 661 1979 plane
692 1926 944 1968 reiciendam
976 1930 1129 1967 censet.
1193 1925 1437 1967 Rectissime
1469 1920 1610 1967 autem
1644 1927 1693 1967 de

172 1985 251 2027 hac
291 1999 335 2026 re
374 1984 617 2026 disseruisse
662 1984 826 2025 videtur
865 1984 1097 2026 Lebrunius
1117 1982 1171 2039 ⁷),
1215 1985 1287 2038 qui
1330 1988 1470 2026 censet
1502 1984 1693 2038 priorem

171 2043 455 2098 precationem
486 2042 653 2084 Paulini
685 2044 828 2097 (carm.
850 2043 941 2094 IV.)
972 2043 1083 2084 inter
1114 2057 1161 2083 ea
1185 2047 1379 2097 poemata
1409 2043 1694 2084 collocandam

171 2117 272 2154 esse,
305 2116 411 2156 quae
427 2101 627 2157 'nondum
649 2116 792 2143 veram
813 2102 1080 2143 sanctitatem
1103 2101 1278 2156 spirent,
1312 2116 1403 2142 cum
1424 2102 1468 2142 in
1500 2116 1548 2142 ea
1562 2102 1693 2142 hone-

171 2163 258 2203 stos
290 2161 367 2202 viri
388 2160 584 2202 secularis
615 2175 749 2202 mores
781 2175 805 2201 a
836 2160 912 2201 deo
943 2160 1063 2202 enixe
1083 2160 1282 2214 postulet,
1316 2160 1531 2213 exquibus
1552 2164 1694 2207 tamen

265 2296 293 2357 1)
316 2312 367 2348 Mi
371 2323 441 2358 gne
467 2312 604 2348 Patrol.
629 2311 720 2347 LXI.
747 2323 831 2357 pag.
857 2312 934 2346 905.
960 2314 1035 2347 not.
1060 2312 1138 2346 218.

266 2358 293 2404 ⁹)
317 2359 478 2407 Mignius
503 2358 582 2403 ipse
607 2359 702 2394 hanc
726 2358 976 2403 precationem
1000 2358 1097 2393 inter
1122 2357 1269 2394 Paulini
1295 2369 1407 2402 opera
1430 2358 1593 2403 recipere
1626 2359 1695 2393 mi-

170 2405 292 2498 ῙΙὶῘΠΘδ)
301 2400 540 2498 dgtlidteazissud
566 2452 747 2506 Mignium
772 2451 895 2496 quarti
921 2451 1093 2487 carminis
1119 2441 1267 2487 Paulini
1292 2452 1412 2486 locum
1444 2453 1565 2495 tenet5
1606 2464 1694 2497 pag.

171 2500 250 2535 439.
299 2499 471 2581 Cpnferps
496 2498 668 2547 carminis
695 2499 749 2539 10,
776 2509 866 2534 vers.
892 2501 925 2540 4,
951 2510 1034 2533 cum
1062 2499 1106 2541 V,
1133 2500 1191 2542 61,
1216 2498 1280 2540 IV,
1305 2499 1326 2532 8
1352 2510 1433 2534 011111
1460 2498 1504 2540 V,
1542 2499 1586 2533 66
1610 2501 1693 2541 etc„

170 2546 354 2592 imprimls
380 2557 427 2582 au
447 2556 527 2581 em:

171 2592 235 2628 IV.
261 2594 363 2628 6-7.
1289 2592 1387 2626 Male
1413 2591 1510 2627 velle
1535 2591 1694 2627 facultas

262 2676 264 2678 ,
310 2639 427 2675 Nulla
451 2639 500 2675 sit
524 2651 566 2675 ac
590 2639 684 2674 bene
710 2650 815 2683 posse
841 2639 940 2674 adsit
963 2638 1169 2682 tranquilla
1193 2640 1370 2683 potestas.

172 2686 217 2723 V.
243 2687 392 2721 64—65.
1284 2684 1382 2719 Male
1408 2696 1513 2729 posse
1538 2685 1695 2721 facultas

310 2733 427 2768 Nulla
451 2733 500 2769 sit
525 2735 563 2768 et
587 2733 681 2768 bene
707 2742 813 2777 posse
838 2732 938 2768 adsit
963 2730 1168 2777 tranquilla
1192 2734 1369 2777 potestas.
1416 2771 1421 2780 .

266 2779 292 2823 4)
318 2778 371 2814 Cf.
398 2779 604 2816 Tollianam
630 2779 783 2815 Ausonii
808 2779 1009 2837 editionem
1034 2790 1119 2824 pag.
1155 2779 1231 2814 103.

265 2826 291 2867 ⁶)
319 2826 409 2862 Vita
433 2827 519 2863 Aus.
546 2837 582 2872 p.
606 2827 662 2862 68.

264 2872 293 2915 ⁸)
319 2873 496 2909 Raumers
521 2874 607 2909 hist.
633 2872 908 2909 Taschenbuch.
957 2872 1021 2907 IV.
1049 2874 1102 2907 10.
1128 2884 1213 2918 pag.
1240 2873 1284 2907 90
1310 2884 1394 2908 ann.
1420 2874 1454 2908 4.

266 2919 293 2966 ⁷)
317 2920 443 2967 Migne
469 2921 654 2966 Patrolog.
681 2923 758 2956 tom
784 2920 877 2955 LXI.
903 2918 988 2965 pag.
1015 2921 1093 2955 755.

1469 2993 1491 3027 2
